2062 3860
160 131 225 212 rm
288 120 917 221 utramonrubsen

167 255 297 316 Nomine
311 255 498 338 Gargaphie,
515 255 661 320 succinere
673 257 747 321 sarra
760 261 884 321 Diauae:

166 336 258 413 Cujus
272 339 301 394 in
312 349 443 397 extremo
458 339 497 396 est
511 351 621 400 antrum
638 342 784 401 nemorale
799 334 925 418 recessu,
1019 363 1020 408 1

167 418 240 476 Arte
254 415 413 475 laboratum
428 415 525 476 nulli:
544 415 725 481 simulaverat
734 435 827 482 artent

168 497 289 580 iugenio
300 510 397 556 natura
409 493 479 556 luo:
492 518 557 557 uam
566 501 681 578 pumice
694 503 764 562 vivo

109 596 146 656 30
168 577 205 638 Et
219 575 328 636 levibus
340 575 455 656 tophis,
468 582 597 638 nativum
610 579 725 640 duxerat
735 600 844 641 arcum·

167 656 242 718 Fons
252 651 360 714 sonatai
375 657 485 731 dextri,
500 661 578 718 tenui
590 659 752 738 perlucidus
765 661 859 735 unde,
880 681 884 690 “

165 736 215 796 Ma
252 737 298 794 ine
350 737 464 795 amineo
482 737 597 818 patulos
608 737 762 800 succinitur
776 739 886 802 hiatus.

165 753 302 880 elisium
338 816 464 893 lvarum,
486 815 687 896 venatufeiia,
702 818 813 882 solebat

164 895 325 978 Virgineos
339 910 415 958 artus
429 896 541 993 liquido
555 897 722 980 perfundere
738 919 811 959 rore.

109 989 143 1061 35
169 976 238 1056 Qub
249 979 398 1060 postquam
415 975 518 1054 subrit3
531 979 722 1060 nympharum
733 978 853 1040 tradidit
864 982 914 1039 uni

110 1107 113 1112 ,
165 1059 326 1142 Armigerae
336 1056 461 1134 jaculum
471 1099 479 1134 ,
490 1057 712 1144 pharetramque
723 1056 860 1142 arcusque
868 1072 1022 1142 retentos)¹

166 1138 269 1198 Altera
281 1136 412 1219 deposrtae
423 1134 663 1218 subjecitbrachia
680 1141 784 1220 pallae:
1021 1187 1022 1190 ,

165 1217 272 1279 Vincla
287 1218 346 1277 duae
358 1218 476 1300 pedibus
488 1218 614 1298 eleruuut.
629 1219 707 1280 Nam
719 1215 899 1280 douiortltis
947 1267 950 1276 ,

163 1293 281 1358 Ismenis
295 1297 416 1359 Crocale
430 1295 537 1380 sparsos
548 1320 602 1379 per
613 1298 690 1360 colla
702 1299 825 1378 capillos

105 1375 146 1454 fio
168 1378 298 1462 Colligit
309 1382 338 1440 iu
350 1378 470 1456 nodum3
486 1381 616 1458 quamvis
630 1389 688 1458 erat
702 1381 709 1438 i
736 1379 762 1438 sa
773 1375 887 1440 solutis.

166 1459 322 1542 Excipiunt
333 1459 449 1520 laticem
459 1459 489 1519 N
492 1459 565 1540 ephe
589 1481 624 1518 ue
638 1401 792 1542 Hyasbque
805 1455 985 1540 Rhanisque,

166 1539 205 1600 Et
220 1539 335 1615 Psecas,
353 1547 380 1598 &
394 1537 512 1609 Phiale,
525 1481 701 1624 strnbutrtque
714 1540 864 1620 capacibus
877 1545 964 1600 urnis.

165 1619 306 1705 Dumque
317 1619 356 1677 ibi
370 1617 511 1696 perluitur
522 1615 606 1679 soliti
618 1617 736 1679 Titania
745 1618 887 1700 lymphi,

165 1699 240 1760 Ecce
257 1719 347 1778 nepos
364 1697 487 1772 Cadmi,
502 1697 590 1758 dilatl
603 1714 683 1780 parte
694 1699 843 1772 laborum,

6 1843 7 1856 p
104 1793 142 1854 ης
166 1778 222 1838 Per
232 1780 353 1838 nemusi
378 1788 477 1838 notum
493 1799 553 1836 non'
561 1781 645 1838 certis
658 1777 776 1858 patlibus
793 1799 886 1839 errans

6 1857 7 1868 ³
167 1858 304 1920 Pervenit
315 1860 345 1918 in
355 1799 466 1933 lucum,
485 1856 520 1919 s1c
537 1857 621 1917 illum
633 1857 693 1918 fata
704 1857 840 1918 ferebant.

7 1991 8 2014 p
166 1939 213 1998 Ut
228 1939 317 2000 vellet
331 1937 480 2019 promptas
493 1932 618 1998 babuiss'e
630 1939 724 1998 Diana
737 1935 870 2024 sagittas!
1023 1997 1024 2014 p

7 2019 9 2078 i
113 2021 116 2028 ⁴
168 2018 250 2096 Quas
262 2018 360 2078 habuit
370 2017 429 2090 ,fic
441 2017 530 2079 hausu
542 2019 830 2103 aquas;vultumque
844 2017 956 2078 virilem
1023 2019 1024 2032 ¹

7 2099 8 2152 l
166 2096 315 2173 Perfudit,
331 2097 519 2181 spargensque
530 2120 626 2159 comas
638 2098 786 2160 ultricibus
799 2099 897 2174 undis,

7 2183 8 2234 Ξ
38 2227 42 2232 .
106 2187 147 2252 '50
169 2178 257 2238 Dats
274 2174 334 2237 arso
351 2177 440 2259 capiti
454 2181 560 2240 vivacis
573 2199 677 2240 cornua
691 2182 765 2239 cervi
782 2179 845 2256 (3),

7 2303 8 2332 r
40 2297 43 2302 ι
167 2259 229 2318 Dat
243 2201 369 2340 (betium
381 2257 479 2335 collo,
495 2255 672 2342 summasque
684 2261 931 2322 cacuminataurec
946 2281 952 2316 :

167 2337 245 2398 Cum
261 2336 434 2422 pedibusque
446 2359 562 2413 manus,
578 2359 641 2398 cum
657 2337 756 2420 longia
763 2337 876 2398 brachia
890 2352 979 2399 mutat

8 2461 9 2470 κ
167 2417 303 2480 Cautibus
314 2459 324 2490 ,
348 2426 375 2478 ὃ(
385 2417 463 2480 velat
476 2415 622 2478 maculoso
634 2417 739 2479 vellere
753 2439 865 2498 corpus.

166 2499 328 2562 Additus&
341 2519 431 2580 pavor
440 2500 478 2559 est
490 2521 497 2556 :
507 2497 585 2582 fugit
598 2499 772 2558 Autonoeius
786 2500 830 2578 (4)
842 2496 940 2574 heros,

8 2569 15 2668 l
105 2595 143 2656 Ιςς
168 2579 207 2639 Er
217 2577 246 2640 se
258 2593 317 2640 tam
328 2577 450 2640 celerem
463 2575 542 2639 cursu
554 2579 673 2638 miratur
683 2581 712 2637 iu
725 2575 800 2658 ipso.

167 2659 214 2718 Ut
225 2665 292 2719 verb
304 2658 398 2719 vultus
409 2667 436 2718 δι
447 2678 552 2718 cornua
562 2656 636 2720 vidit
648 2659 679 2717 iu
692 2659 781 2718 undl:

167 2738 218 2797 Me
232 2733 364 2798 miserum
377 2749 384 2798 t
400 2737 522 2798 dicturus
533 2749 594 2798 erat
607 2759 680 2810 ,vor
695 2737 774 2799 nulla
785 2737 877 2800 secuta
889 2737 942 2797 cll:

168 2817 316 2899 ingemuit
329 2839 336 2875 z
350 2839 406 2882 vox
417 2819 469 2877 illa
483 2815 539 2876 fuit
552 2838 559 2874 ε
572 2816 761 2904 lacrymaeque
773 2840 898 2900 perora,

167 2893 238 2960 aton
249 2891 298 2960 sua
305 2942 315 2975 ‚
330 2899 470 2963 fluxerunt
482 2920 489 2957 ε
502 2899 703 2978 menstratum
717 2901 835 2985 pristina·
847 2895 948 2962 mansu*
