2062 3860
141 221 202 300 'tt'
296 219 829 300 METAMORPHOSES

24 341 31 350 '
141 341 198 402 Cui
222 359 256 400 ue
266 337 324 398 tuit
335 333 579 419 rerurnprorniffa
589 341 741 421 potentia,
755 337 884 400 Tibrim.
908 326 927 332 ῃ

81 444 119 482 20
140 360 252 484 Dittlttt
264 439 349 478 omne
363 417 473 490 solum,
491 433 682 503 penetratque
695 421 726 480 ia
737 419 862 488 Tartara
868 419 981 482 rimis

40 549 43 556 .
137 501 269 571 Lumen,
286 497 464 560 &infernum
476 511 564 562 terret
572 519 641 560 curn
651 502 776 582 conjuge
787 520 902 582 regern.

139 582 177 642 Et
190 600 265 639 mare
281 579 479 649 contrahitur,
494 577 626 661 srccaeque
642 582 680 638 est
693 599 915 661 campusareoae

141 657 324 740 Quodmodd
331 673 441 740 pontus
449 673 522 737 erat,
550 657 1017 746 uosquealtumtexerataequor‘

38 767 42 772 ¹
139 741 268 802 Existunt
280 752 411 810 montes,
422 747 455 798 ’δι
466 679 571 820 sparsas
582 737 725 820 Cycladas
738 753 846 822 augent
858 741 920 822 (a).

80 838 116 896 25
139 821 201 882 lrna
217 833 320 901 petunt
354 816 425 880 isoes
440 841 447 876 r
463 840 515 880 nec
527 815 554 877 se
566 815 651 899 super
664 839 780 902 aequora
791 822 876 883 curvi

139 901 260 961 Tollere
272 840 418 967 consltetas
430 897 533 958 audent
545 897 693 978 delphines
705 900 736 958 iu
751 911 846 959 auras'.

141 980 275 1062 Corpora
287 978 444 1060 phocarum
456 976 568 1055 summo
581 975 712 1058 resupina
722 977 867 1059 profundo

140 1060 310 1122 Exanimata
320 1059 413 1137 jacent
424 1079 431 1115 r
444 1058 538 1138 ipsum
553 1077 670 1140 quoque
686 1057 716 1118 N
719 1057 947 1131 erea,tama·ett
951 1107 972 1142 ,

140 1139 330 1223 Doridaque,
345 1146 372 1198 &
381 1150 459 1198 natas
471 1135 577 1218 tepidis
590 1129 704 1197 latuisse
716 1135 766 1196 sub
779 1137 872 1202 undis,

81 1241 118 1302 30
139 1219 198 1280 Ter
212 1219 366 1300 Neptunus
377 1219 460 1302 aquis
471 1237 539 1278 cum
551 1231 639 1279 torvo
646 1216 760 1278 belchia
769 1215 858 1279 vultu

29 1366 33 1378 ,
140 1299 273 1364 Exserere
288 1294 368 1360 ansus
381 1310 442 1360 erat
448 1337 460 1372 ,
473 1311 520 1360 ter
529 1317 588 1356 non
599 1295 671 1359 tulit
682 1299 754 1358 atris
764 1299 860 1383 ignes.

145 1447 182 1512 V
181 1417 222 1511 Π
222 1494 229 1511 .
245 1447 350 1528 Tellus
361 1446 396 1508 de
411 1447 505 1546 urbis
518 1435 617 1510 exitio
631 1447 810 1532 expostulat
819 1466 889 1512 cum
901 1449 999 1514 Jove·

143 1597 183 1696 Α
198 1625 276 1700 narn
291 1653 388 1702 tamen
398 1639 501 1716 tellus,
521 1651 553 1702 ut
569 1651 628 1702 erat
641 1643 812 1708 circumdata
822 1635 943 1727 ponto,

144 1719 220 1780 luter
236 1741 323 1805 aquas
335 1721 448 1806 pelagi,
463 1719 680 1803 contradiosque
695 1721 818 1804 undique
831 1723 955 1801 sontes,

148 1795 211 1874 Qui
226 1798 254 1860 se
266 1801 448 1864 condiderant
460 1804 493 1862 ia
503 1819 599 1883 opacae
611 1799 717 1863 viscera
728 1802 847 1862 matris:
914 1847 920 1856 .

148 1879 267 1941 Sustulit
282 1880 456 1956 omniferos,
469 1881 548 1943 collo
563 1895 645 1942 tenus
657 1926 666 1954 ,
679 1881 756 1942 arida
769 1881 880 1943 vultus.

108 1976 121 2036 5
147 1958 359 2044 opposuitque
377 1983 492 2022 manunt
503 1959 611 2033 fronti,
628 1983 674 2022 ma
696 1981 792 2046 noque
803 1975 933 2023 tremore

149 2038 259 2102 Omnia
272 2043 455 2112 concutiens,
469 2040 587 2138 paullus
599 1982 740 2116 subsedit,
753 2049 780 2102 dt
790 2039 871 2104 insta
907 2077 911 2083 -
930 2055 931 2060 ’

55 2176 57 2186 ,
149 2119 246 2198 Qudm
264 2117 339 2182 solet
351 2113 423 2201 etse,
439 2120 515 2200 futt3
536 2118 669 2206 sacrique
679 2125 721 2182 ita
733 2130 804 2190 voce
817 2120 921 2183 locuta
933 2123 992 2182 elia

149 2201 181 2264 Si
190 2201 287 2284 placet
298 2200 353 2261 hoc
361 2246 370 2276 ‚
378 2204 542 2286 meruique,
552 2202 636 2300 quid,
644 2201 676 2260 ut
689 2215 738 2261 tua
749 2201 873 2262 fulmina
879 2199 992 2265 cellam

138 2281 269 2348 ¹Summe
280 2281 398 2342 Derim?
411 2281 498 2344 liceat
511 2295 643 2362 peritura
654 2279 760 2341 viribus
770 2283 847 2366 iguis
860 2327 870 2358 ,

94 2379 132 2423 ro
152 2367 165 2427 l
188 2385 222 2425 ne
239 2363 333 2446 perire
345 2374 416 2436 tuo,
432 2361 603 2458 clademque
615 2361 730 2422 austere
741 2359 846 2420 levare.
887 2415 890 2422 .

185 2447 214 2507 ix
226 2467 240 2504 e
264 2442 360 2504 uidem
369 2441 464 2505 fauces
475 2443 537 2504 hacc
548 2439 609 2524 rpsa
619 2443 650 2502 in
661 2439 744 2501 verba
756 2435 869 2502 resolvo
880 2463 891 2498 r

154 2466 317 2602 (Presserat
333 2545 383 2584 ora
396 2521 507 2604 vapor)
522 2525 610 2582 tostos
625 2541 660 2580 en
673 2517 767 2601 aspice
783 2521 889 2594 crines,

114 2609 119 2620 '
154 2609 246 2689 Inque
256 2604 346 2666 oculis
361 2603 472 2663 furnum
480 2622 493 2671 ,·
504 2599 627 2678 uolitant
640 2597 723 2680 super
733 2619 783 2659 ora
795 2597 922 2660 favitlae..

154 2683 256 2747 Hosne
268 2683 339 2744 mihi
352 2683 475 2754 stultus,
492 2681 566 2742 hunc
579 2679 738 2744 fertilitatis
749 2679 894 2739 honorent

95 2776 134 2834 ,ις
154 2763 312 2847 Officiique
325 2761 426 2824 refers?
444 2759 519 2844 qudd
531 2761 631 2820 adunci
646 2761 762 2820 vulnera
775 2761 860 2820 aratri

156 2845 377 2926 Rastrorumque
393 2841 474 2918 sero,
486 2839 607 2926 toloque
624 2861 756 2904 exerceor
768 2860 841 2900 anno
853 2853 866 2900 t

66 2966 73 2984 .
161 2923 249 3002 Qudd
259 2928 357 3004 pecori
369 2919 496 2996 frondes,
511 2921 704 3006 alimentaque
718 2921 820 2992 mitta,
837 2917 938 3002 fruges
1018 2963 1019 2970 t

156 3005 295 3065 Humano
308 3005 422 3087 generi,
436 3004 646 3087 vobisquoque
659 3000 914 3072 thura,‘ntinistro?

158 3084 213 3145 Sed
225 3097 319 3144 tamen
331 3086 450 3169 criti-um
462 3082 507 3144 sae
519 3105 565 3145 me
577 3073 727 3144 meruiffe:
742 3077 812 3159 quid
821 3075 913 3139 undae?

97 3177 135 3222 ἑο
158 3163 236 3302 guid
249 3165 353 3223 meruit
367 3161 470 3225 fratte?
486 3161 591 3224 cur'illi
606 3159 708 3221 tradita
720 3155 794 3217 sorte

116 3261 118 3264 ·
196 3262 287 3324 quota
298 3237 476 3312 decrescunt,
490 3241 563 3301 &ab
576 3240 679 3302 aethere
691 3237 808 3320 longius
820 3235 937 3300 absunt?
962 3263 964 3267 ·

159 3319 247 3398 Qudd
264 3319 284 3378 fi
298 3340 349 3378 nec
360 3317 470 3391 fratris,
487 3341 537 3380 nec
548 3334 576 3379 tc
587 3340 651 3378 mea
664 3320 757 3404 gratia
772 3319 865 3398 tangit
879 3340 891 3376 .-

157 3403 201 3464 At
212 3399 279 3460 coeli
289 3395 421 3458 miserere
437 3397 498 3458 tui:
512 3396 719 3480 ciccumspice,
736 3397 876 3478 utrinqne¹
