<?xml version="1.0" encoding="UTF-8"?>
<!DOCTYPE html PUBLIC "-//W3C//DTD XHTML 1.0 Transitional//EN"
    "http://www.w3.org/TR/xhtml1/DTD/xhtml1-transitional.dtd">
<html xmlns="http://www.w3.org/1999/xhtml" xml:lang="en" lang="en">
 <head>
  <title>
</title>
<meta http-equiv="Content-Type" content="text/html;charset=utf-8" />
  <meta name='ocr-system' content='tesseract 3.04.00' />
  <meta name='ocr-capabilities' content='ocr_page ocr_carea ocr_par ocr_line ocrx_word'/>
</head>
<body>
  <div class='ocr_page' id='page_1' title='image "./lesmtamorphoses01ovidgoog_0256.png"; bbox 0 0 2088 3864; ppageno 0'>
   <div class='ocr_carea' id='block_1_1' title="bbox 135 163 945 266">
    <p class='ocr_par' dir='ltr' id='par_1_1' title="bbox 135 163 945 266">
     <span class='ocr_line' id='line_1_1' title="bbox 135 163 945 266; baseline -0.005 -20"><span class='ocrx_word' id='word_1_1' title='bbox 135 192 196 262; x_wconf 57' lang='lat'>25⁶</span> <span class='ocrx_word' id='word_1_2' title='bbox 274 163 825 266; x_wconf 73' lang='lat' dir='ltr'>rrtrrrrorrrrrosas</span> <span class='ocrx_word' id='word_1_3' title='bbox 940 235 945 242; x_wconf 89' lang='lat'>.</span> 
     </span>
    </p>
   </div>
   <div class='ocr_carea' id='block_1_2' title="bbox 77 277 1024 984">
    <p class='ocr_par' dir='ltr' id='par_1_2' title="bbox 77 277 1028 990">
     <span class='ocr_line' id='line_1_2' title="bbox 97 277 860 370; baseline -0.005 -20"><span class='ocrx_word' id='word_1_4' title='bbox 97 305 114 362; x_wconf 85' lang='lat'>5</span> <span class='ocrx_word' id='word_1_5' title='bbox 136 287 175 350; x_wconf 87' lang='lat' dir='ltr'>Et</span> <span class='ocrx_word' id='word_1_6' title='bbox 186 285 243 370; x_wconf 72' lang='lat' dir='ltr'>lam</span> <span class='ocrx_word' id='word_1_7' title='bbox 257 277 339 350; x_wconf 82' lang='lat' dir='ltr'>sortis</span> <span class='ocrx_word' id='word_1_8' title='bbox 353 299 432 363; x_wconf 68' lang='lat' dir='ltr'>erat,</span> <span class='ocrx_word' id='word_1_9' title='bbox 447 282 597 369; x_wconf 90' lang='lat' dir='ltr'>pulsusque</span> <span class='ocrx_word' id='word_1_10' title='bbox 609 283 748 346; x_wconf 82' lang='lat' dir='ltr'>resederat</span> <span class='ocrx_word' id='word_1_11' title='bbox 759 285 860 347; x_wconf 79' lang='lat' dir='ltr'>ardore</span> 
     </span>
     <span class='ocr_line' id='line_1_3' title="bbox 137 363 1024 506; baseline -0.003 -76"><span class='ocrx_word' id='word_1_12' title='bbox 137 370 214 430; x_wconf 82' lang='lat' dir='ltr'>Crirn</span> <span class='ocrx_word' id='word_1_13' title='bbox 227 368 303 432; x_wconf 85' lang='lat' dir='ltr'>videt</span> <span class='ocrx_word' id='word_1_14' title='bbox 314 363 481 441; x_wconf 84' lang='lat' dir='ltr'>AEsoniden,</span> <span class='ocrx_word' id='word_1_15' title='bbox 497 369 679 506; x_wconf 61' lang='lat' dir='ltr'>extinsbague</span> <span class='ocrx_word' id='word_1_16' title='bbox 689 367 806 428; x_wconf 83' lang='lat' dir='ltr'>flamma</span> <span class='ocrx_word' id='word_1_17' title='bbox 815 365 948 442; x_wconf 75' lang='lat' dir='ltr'>reluxit3</span> <span class='ocrx_word' id='word_1_18' title='bbox 1018 402 1024 419; x_wconf 63' lang='grc' dir='ltr'>ι</span> 
     </span>
     <span class='ocr_line' id='line_1_4' title="bbox 136 447 887 532; baseline -0.007 -22"><span class='ocrx_word' id='word_1_19' title='bbox 136 447 280 510; x_wconf 77' lang='lat' dir='ltr'>Erubuere</span> <span class='ocrx_word' id='word_1_20' title='bbox 312 465 386 521; x_wconf 77' lang='lat' dir='ltr'>ente,</span> <span class='ocrx_word' id='word_1_21' title='bbox 402 462 525 532; x_wconf 86' lang='lat' dir='ltr'>totoque</span> <span class='ocrx_word' id='word_1_22' title='bbox 539 465 621 507; x_wconf 87' lang='lat' dir='ltr'>recan</span> <span class='ocrx_word' id='word_1_23' title='bbox 641 449 755 506; x_wconf 84' lang='lat' dir='ltr'>ultore.</span> <span class='ocrx_word' id='word_1_24' title='bbox 879 501 887 514; x_wconf 74' lang='grc'>,</span> 
     </span>
     <span class='ocr_line' id='line_1_5' title="bbox 136 467 891 612; baseline -0.001 -23"><span class='ocrx_word' id='word_1_25' title='bbox 136 529 240 612; x_wconf 90' lang='lat' dir='ltr'>thue</span> <span class='ocrx_word' id='word_1_26' title='bbox 254 467 327 588; x_wconf 76' lang='lat' dir='ltr'>soset</span> <span class='ocrx_word' id='word_1_27' title='bbox 338 529 432 589; x_wconf 88' lang='lat' dir='ltr'>ventis</span> <span class='ocrx_word' id='word_1_28' title='bbox 446 525 583 589; x_wconf 83' lang='lat' dir='ltr'>allmenta</span> <span class='ocrx_word' id='word_1_29' title='bbox 593 523 729 608; x_wconf 79' lang='lat' dir='ltr'>assumere</span> <span class='ocrx_word' id='word_1_30' title='bbox 742 571 751 598; x_wconf 93' lang='lat'>,</span> <span class='ocrx_word' id='word_1_31' title='bbox 766 547 891 612; x_wconf 85' lang='lat' dir='ltr'>quaeque</span> 
     </span>
     <span class='ocr_line' id='line_1_6' title="bbox 133 604 780 682; baseline -0.003 -13"><span class='ocrx_word' id='word_1_32' title='bbox 133 607 226 669; x_wconf 79' lang='lat' dir='ltr'>Parva</span> <span class='ocrx_word' id='word_1_33' title='bbox 238 604 287 666; x_wconf 90' lang='lat' dir='ltr'>sub</span> <span class='ocrx_word' id='word_1_34' title='bbox 303 607 417 668; x_wconf 77' lang='lat' dir='ltr'>indusll</span> <span class='ocrx_word' id='word_1_35' title='bbox 429 605 515 668; x_wconf 87' lang='lat' dir='ltr'>latuit</span> <span class='ocrx_word' id='word_1_36' title='bbox 528 604 650 668; x_wconf 85' lang='lat' dir='ltr'>scintilla</span> <span class='ocrx_word' id='word_1_37' title='bbox 662 605 780 682; x_wconf 72' lang='lat' dir='ltr'>favilla,</span> 
     </span>
     <span class='ocr_line' id='line_1_7' title="bbox 77 685 888 771; baseline 0 -23"><span class='ocrx_word' id='word_1_38' title='bbox 77 702 116 748; x_wconf 79' lang='lat' dir='ltr'>to</span> <span class='ocrx_word' id='word_1_39' title='bbox 138 685 287 762; x_wconf 87' lang='lat' dir='ltr'>Crescere,</span> <span class='ocrx_word' id='word_1_40' title='bbox 300 690 371 748; x_wconf 79' lang='lat' dir='ltr'>&amp;in</span> <span class='ocrx_word' id='word_1_41' title='bbox 386 701 495 748; x_wconf 87' lang='lat' dir='ltr'>veteres</span> <span class='ocrx_word' id='word_1_42' title='bbox 507 689 619 771; x_wconf 83' lang='lat' dir='ltr'>agitata</span> <span class='ocrx_word' id='word_1_43' title='bbox 632 685 777 771; x_wconf 81' lang='lat' dir='ltr'>resurgere</span> <span class='ocrx_word' id='word_1_44' title='bbox 791 690 888 748; x_wconf 83' lang='lat' dir='ltr'>vires:</span> 
     </span>
     <span class='ocr_line' id='line_1_8' title="bbox 134 766 924 852; baseline -0.006 -23"><span class='ocrx_word' id='word_1_45' title='bbox 134 769 184 830; x_wconf 85' lang='lat' dir='ltr'>Sic</span> <span class='ocrx_word' id='word_1_46' title='bbox 197 766 338 842; x_wconf 86' lang='lat' dir='ltr'>iamlenis</span> <span class='ocrx_word' id='word_1_47' title='bbox 351 788 451 841; x_wconf 76' lang='lat' dir='ltr'>amor,</span> <span class='ocrx_word' id='word_1_48' title='bbox 464 769 522 843; x_wconf 84' lang='lat' dir='ltr'>jarn</span> <span class='ocrx_word' id='word_1_49' title='bbox 537 788 623 852; x_wconf 89' lang='lat' dir='ltr'>quem</span> <span class='ocrx_word' id='word_1_50' title='bbox 635 768 771 852; x_wconf 81' lang='lat' dir='ltr'>languere</span> <span class='ocrx_word' id='word_1_51' title='bbox 805 782 924 830; x_wconf 83' lang='lat' dir='ltr'>utates.</span> 
     </span>
     <span class='ocr_line' id='line_1_9' title="bbox 135 844 819 984; baseline -0.006 -74"><span class='ocrx_word' id='word_1_52' title='bbox 135 849 184 910; x_wconf 90' lang='lat' dir='ltr'>Ut</span> <span class='ocrx_word' id='word_1_53' title='bbox 197 847 268 909; x_wconf 88' lang='lat' dir='ltr'>vidit</span> <span class='ocrx_word' id='word_1_54' title='bbox 282 850 435 926; x_wconf 83' lang='lat' dir='ltr'>juvenem,</span> <span class='ocrx_word' id='word_1_55' title='bbox 448 844 544 928; x_wconf 85' lang='lat' dir='ltr'>specie</span> <span class='ocrx_word' id='word_1_56' title='bbox 554 845 699 984; x_wconf 75' lang='lat' dir='ltr'>praesentis</span> <span class='ocrx_word' id='word_1_57' title='bbox 714 849 774 906; x_wconf 88' lang='lat' dir='ltr'>inar</span> <span class='ocrx_word' id='word_1_58' title='bbox 797 862 819 906; x_wconf 86' lang='lat' dir='ltr'>t.</span> 
     </span>
    </p>
   </div>
   <div class='ocr_carea' id='block_1_3' title="bbox 129 923 908 1066">
    <p class='ocr_par' dir='ltr' id='par_1_3' title="bbox 129 923 908 1066">
     <span class='ocr_line' id='line_1_10' title="bbox 129 923 908 1066; baseline -0.003 -76"><span class='ocrx_word' id='word_1_59' title='bbox 129 923 183 990; x_wconf 78' lang='lat' dir='ltr'>Ut</span> <span class='ocrx_word' id='word_1_60' title='bbox 193 926 262 990; x_wconf 81' lang='lat' dir='ltr'>verb</span> <span class='ocrx_word' id='word_1_61' title='bbox 278 930 426 1024; x_wconf 74' lang='lat' dir='ltr'>coepitque</span> <span class='ocrx_word' id='word_1_62' title='bbox 439 925 539 1066; x_wconf 65' lang='lat' dir='ltr'>logui,</span> <span class='ocrx_word' id='word_1_63' title='bbox 576 943 740 1011; x_wconf 86' lang='lat' dir='ltr'>extramqne</span> <span class='ocrx_word' id='word_1_64' title='bbox 753 925 908 1009; x_wconf 81' lang='lat' dir='ltr'>prehendit</span> 
     </span>
    </p>
   </div>
   <div class='ocr_carea' id='block_1_4' title="bbox 77 1003 1031 1651">
    <p class='ocr_par' dir='ltr' id='par_1_4' title="bbox 77 1003 1031 1651">
     <span class='ocr_line' id='line_1_11' title="bbox 137 1003 848 1092; baseline -0.001 -24"><span class='ocrx_word' id='word_1_65' title='bbox 137 1004 270 1089; x_wconf 84' lang='lat' dir='ltr'>Hospes,</span> <span class='ocrx_word' id='word_1_66' title='bbox 286 1015 313 1070; x_wconf 69' lang='grc' dir='ltr'>ὃ(</span> <span class='ocrx_word' id='word_1_67' title='bbox 325 1006 467 1068; x_wconf 85' lang='lat' dir='ltr'>anxrlrum</span> <span class='ocrx_word' id='word_1_68' title='bbox 493 1003 614 1068; x_wconf 73' lang='lat' dir='ltr'>obmissa</span> <span class='ocrx_word' id='word_1_69' title='bbox 627 1029 698 1070; x_wconf 89' lang='lat' dir='ltr'>voce</span> <span class='ocrx_word' id='word_1_70' title='bbox 713 1009 848 1092; x_wconf 83' lang='lat' dir='ltr'>rogavit,</span> 
     </span>
     <span class='ocr_line' id='line_1_12' title="bbox 77 1085 883 1184; baseline -0.003 -33"><span class='ocrx_word' id='word_1_71' title='bbox 77 1103 113 1161; x_wconf 79' lang='lat'>15</span> <span class='ocrx_word' id='word_1_72' title='bbox 137 1086 328 1184; x_wconf 72' lang='lat' dir='ltr'>Promfitque</span> <span class='ocrx_word' id='word_1_73' title='bbox 342 1102 457 1159; x_wconf 79' lang='lat' dir='ltr'>torum,</span> <span class='ocrx_word' id='word_1_74' title='bbox 472 1086 608 1168; x_wconf 82' lang='lat' dir='ltr'>lacrymis</span> <span class='ocrx_word' id='word_1_75' title='bbox 623 1092 666 1148; x_wconf 91' lang='lat' dir='ltr'>ait</span> <span class='ocrx_word' id='word_1_76' title='bbox 677 1085 730 1147; x_wconf 84' lang='lat' dir='ltr'>illa</span> <span class='ocrx_word' id='word_1_77' title='bbox 745 1085 883 1168; x_wconf 84' lang='lat' dir='ltr'>profufis,</span> 
     </span>
     <span class='ocr_line' id='line_1_13' title="bbox 84 1165 836 1252; baseline -0.003 -26"><span class='ocrx_word' id='word_1_78' title='bbox 84 1187 92 1193; x_wconf 90' lang='lat'>·</span> <span class='ocrx_word' id='word_1_79' title='bbox 139 1165 219 1246; x_wconf 82' lang='lat' dir='ltr'>Quid</span> <span class='ocrx_word' id='word_1_80' title='bbox 233 1167 336 1227; x_wconf 83' lang='lat' dir='ltr'>sacram</span> <span class='ocrx_word' id='word_1_81' title='bbox 349 1167 452 1240; x_wconf 85' lang='lat' dir='ltr'>video,</span> <span class='ocrx_word' id='word_1_82' title='bbox 468 1187 521 1226; x_wconf 87' lang='lat' dir='ltr'>nee</span> <span class='ocrx_word' id='word_1_83' title='bbox 537 1188 584 1226; x_wconf 88' lang='lat' dir='ltr'>me</span> <span class='ocrx_word' id='word_1_84' title='bbox 598 1169 762 1252; x_wconf 77' lang='lat' dir='ltr'>ignorantia</span> <span class='ocrx_word' id='word_1_85' title='bbox 773 1168 836 1229; x_wconf 88' lang='lat' dir='ltr'>veri</span> 
     </span>
     <span class='ocr_line' id='line_1_14' title="bbox 137 1243 1030 1340; baseline -0.003 -33"><span class='ocrx_word' id='word_1_86' title='bbox 137 1245 293 1330; x_wconf 86' lang='lat' dir='ltr'>Decipiet,</span> <span class='ocrx_word' id='word_1_87' title='bbox 305 1243 351 1306; x_wconf 89' lang='lat' dir='ltr'>sed</span> <span class='ocrx_word' id='word_1_88' title='bbox 365 1265 464 1306; x_wconf 78' lang='lat' dir='ltr'>amore</span> <span class='ocrx_word' id='word_1_89' title='bbox 480 1243 627 1307; x_wconf 82' lang='lat' dir='ltr'>servabere</span> <span class='ocrx_word' id='word_1_90' title='bbox 643 1267 759 1308; x_wconf 87' lang='lat' dir='ltr'>munere</span> <span class='ocrx_word' id='word_1_91' title='bbox 773 1249 887 1324; x_wconf 78' lang='lat' dir='ltr'>noll&#39;r03</span> <span class='ocrx_word' id='word_1_92' title='bbox 1029 1274 1030 1340; x_wconf 53' lang='lat' dir='ltr'>g</span> 
     </span>
     <span class='ocr_line' id='line_1_15' title="bbox 137 1319 882 1407; baseline -0.005 -18"><span class='ocrx_word' id='word_1_93' title='bbox 137 1327 271 1390; x_wconf 81' lang='lat' dir='ltr'>Servatus</span> <span class='ocrx_word' id='word_1_94' title='bbox 284 1319 420 1407; x_wconf 84' lang='lat' dir='ltr'>promissa</span> <span class='ocrx_word' id='word_1_95' title='bbox 437 1325 515 1386; x_wconf 88' lang='lat' dir='ltr'>dato.</span> <span class='ocrx_word' id='word_1_96' title='bbox 529 1326 586 1388; x_wconf 88' lang='lat' dir='ltr'>Per</span> <span class='ocrx_word' id='word_1_97' title='bbox 598 1322 677 1387; x_wconf 86' lang='lat' dir='ltr'>sacra</span> <span class='ocrx_word' id='word_1_98' title='bbox 694 1327 835 1387; x_wconf 83' lang='lat' dir='ltr'>triformis</span> <span class='ocrx_word' id='word_1_99' title='bbox 876 1327 882 1336; x_wconf 82' lang='grc'>’</span> 
     </span>
     <span class='ocr_line' id='line_1_16' title="bbox 139 1401 959 1492; baseline -0.007 -23"><span class='ocrx_word' id='word_1_100' title='bbox 139 1407 194 1469; x_wconf 89' lang='lat' dir='ltr'>Ille</span> <span class='ocrx_word' id='word_1_101' title='bbox 211 1407 281 1468; x_wconf 85' lang='lat' dir='ltr'>Deae</span> <span class='ocrx_word' id='word_1_102' title='bbox 290 1411 351 1487; x_wconf 82' lang='lat'>(2),</span> <span class='ocrx_word' id='word_1_103' title='bbox 366 1405 492 1492; x_wconf 88' lang='lat' dir='ltr'>lucoque</span> <span class='ocrx_word' id='word_1_104' title='bbox 504 1405 582 1468; x_wconf 87' lang='lat' dir='ltr'>foret</span> <span class='ocrx_word' id='word_1_105' title='bbox 593 1406 671 1490; x_wconf 90' lang='lat' dir='ltr'>quod</span> <span class='ocrx_word' id='word_1_106' title='bbox 683 1428 788 1466; x_wconf 89' lang='lat' dir='ltr'>numen</span> <span class='ocrx_word' id='word_1_107' title='bbox 798 1408 827 1466; x_wconf 94' lang='lat' dir='ltr'>in</span> <span class='ocrx_word' id='word_1_108' title='bbox 840 1401 913 1480; x_wconf 92' lang='lat' dir='ltr'>illo,</span> <span class='ocrx_word' id='word_1_109' title='bbox 955 1474 959 1479; x_wconf 19' lang='lat'><strong>⁴</strong></span> 
     </span>
     <span class='ocr_line' id='line_1_17' title="bbox 81 1479 1031 1651; baseline -0.006 -102"><span class='ocrx_word' id='word_1_110' title='bbox 81 1506 120 1549; x_wconf 79' lang='lat' dir='ltr'>ao</span> <span class='ocrx_word' id='word_1_111' title='bbox 139 1487 253 1572; x_wconf 88' lang='lat' dir='ltr'>Perque</span> <span class='ocrx_word' id='word_1_112' title='bbox 255 1501 381 1651; x_wconf 68' lang='lat' dir='ltr'>¹gottern</span> <span class='ocrx_word' id='word_1_113' title='bbox 395 1484 484 1547; x_wconf 89' lang='lat' dir='ltr'>soceri</span> <span class='ocrx_word' id='word_1_114' title='bbox 501 1488 731 1565; x_wconf 82' lang='lat' dir='ltr'>(3),cernentem</span> <span class='ocrx_word' id='word_1_115' title='bbox 743 1488 844 1548; x_wconf 62' lang='lat' dir='ltr'>consta</span> <span class='ocrx_word' id='word_1_116' title='bbox 853 1530 863 1559; x_wconf 86' lang='lat'>,</span> <span class='ocrx_word' id='word_1_117' title='bbox 875 1479 986 1558; x_wconf 83' lang='lat' dir='ltr'>futuri,</span> <span class='ocrx_word' id='word_1_118' title='bbox 1030 1490 1031 1564; x_wconf 70' lang='lat' dir='ltr'>l</span> 
     </span>
    </p>
   </div>
   <div class='ocr_carea' id='block_1_5' title="bbox 134 1563 856 1810">
    <p class='ocr_par' dir='ltr' id='par_1_5' title="bbox 134 1563 856 1810">
     <span class='ocr_line' id='line_1_18' title="bbox 140 1563 856 1647; baseline -0.004 -17"><span class='ocrx_word' id='word_1_119' title='bbox 140 1568 253 1630; x_wconf 85' lang='lat' dir='ltr'>Eventu</span> <span class='ocrx_word' id='word_1_120' title='bbox 289 1589 322 1626; x_wconf 90' lang='lat' dir='ltr'>ue</span> <span class='ocrx_word' id='word_1_121' title='bbox 338 1565 417 1641; x_wconf 90' lang='lat' dir='ltr'>suos,</span> <span class='ocrx_word' id='word_1_122' title='bbox 433 1573 461 1626; x_wconf 76' lang='grc' dir='ltr'>δι</span> <span class='ocrx_word' id='word_1_123' title='bbox 474 1579 550 1626; x_wconf 84' lang='lat' dir='ltr'>tanta</span> <span class='ocrx_word' id='word_1_124' title='bbox 559 1563 710 1647; x_wconf 88' lang='lat' dir='ltr'>pericula,</span> <span class='ocrx_word' id='word_1_125' title='bbox 725 1569 811 1642; x_wconf 82' lang='lat' dir='ltr'>jurat.</span> <span class='ocrx_word' id='word_1_126' title='bbox 850 1607 856 1614; x_wconf 90' lang='lat'>-</span> 
     </span>
     <span class='ocr_line' id='line_1_19' title="bbox 134 1645 812 1727; baseline -0.006 -19"><span class='ocrx_word' id='word_1_127' title='bbox 134 1648 276 1708; x_wconf 88' lang='lat' dir='ltr'>-Creditus</span> <span class='ocrx_word' id='word_1_128' title='bbox 289 1648 402 1727; x_wconf 86' lang='lat' dir='ltr'>accepit</span> <span class='ocrx_word' id='word_1_129' title='bbox 414 1659 539 1706; x_wconf 85' lang='lat' dir='ltr'>cantatas</span> <span class='ocrx_word' id='word_1_130' title='bbox 549 1647 682 1727; x_wconf 86' lang='lat' dir='ltr'>protinus</span> <span class='ocrx_word' id='word_1_131' title='bbox 696 1645 812 1718; x_wconf 83' lang='lat' dir='ltr'>herbas,</span> 
     </span>
     <span class='ocr_line' id='line_1_20' title="bbox 141 1723 852 1810; baseline -0.003 -22"><span class='ocrx_word' id='word_1_132' title='bbox 141 1725 325 1810; x_wconf 87' lang='lat' dir='ltr'>Edidicitque</span> <span class='ocrx_word' id='word_1_133' title='bbox 338 1724 416 1788; x_wconf 87' lang='lat' dir='ltr'>usum</span> <span class='ocrx_word' id='word_1_134' title='bbox 428 1771 438 1800; x_wconf 92' lang='lat'>,</span> <span class='ocrx_word' id='word_1_135' title='bbox 451 1723 589 1809; x_wconf 83' lang='lat' dir='ltr'>laetusque</span> <span class='ocrx_word' id='word_1_136' title='bbox 599 1728 630 1786; x_wconf 90' lang='lat' dir='ltr'>in</span> <span class='ocrx_word' id='word_1_137' title='bbox 644 1727 720 1786; x_wconf 70' lang='lat' dir='ltr'>testa</span> <span class='ocrx_word' id='word_1_138' title='bbox 732 1723 852 1788; x_wconf 82' lang='lat' dir='ltr'>recellit.</span> 
     </span>
    </p>
   </div>
   <div class='ocr_carea' id='block_1_6' title="bbox 141 1871 1033 2013">
    <p class='ocr_par' dir='ltr' id='par_1_6' title="bbox 141 1871 1033 2013">
     <span class='ocr_line' id='line_1_21' title="bbox 141 1871 1033 2013; baseline -0.001 -77"><span class='ocrx_word' id='word_1_139' title='bbox 141 1874 209 1937; x_wconf 89' lang='lat' dir='ltr'>Ill.</span> <span class='ocrx_word' id='word_1_140' title='bbox 232 1872 347 1956; x_wconf 80' lang='lat' dir='ltr'>Jnfim,</span> <span class='ocrx_word' id='word_1_141' title='bbox 363 1891 417 1955; x_wconf 81' lang='lat' dir='ltr'>ope</span> <span class='ocrx_word' id='word_1_142' title='bbox 436 1871 574 1948; x_wconf 73' lang='lat' dir='ltr'>Medeae,</span> <span class='ocrx_word' id='word_1_143' title='bbox 600 1893 690 2013; x_wconf 49' lang='lat' dir='ltr'>paguo</span> <span class='ocrx_word' id='word_1_144' title='bbox 710 1871 816 1934; x_wconf 84' lang='lat' dir='ltr'>vellere</span> <span class='ocrx_word' id='word_1_145' title='bbox 833 1874 985 1954; x_wconf 80' lang='lat' dir='ltr'>potitur,</span> <span class='ocrx_word' id='word_1_146' title='bbox 1032 1921 1033 1974; x_wconf 58' lang='lat'>,</span> 
     </span>
    </p>
   </div>
   <div class='ocr_carea' id='block_1_7' title="bbox 335 1951 858 2034">
    <p class='ocr_par' dir='ltr' id='par_1_7' title="bbox 335 1951 858 2034">
     <span class='ocr_line' id='line_1_22' title="bbox 335 1951 858 2034; baseline 0 -21"><span class='ocrx_word' id='word_1_147' title='bbox 335 1975 401 2015; x_wconf 88' lang='lat' dir='ltr'>cum</span> <span class='ocrx_word' id='word_1_148' title='bbox 414 1952 451 2012; x_wconf 76' lang='lat' dir='ltr'>ed</span> <span class='ocrx_word' id='word_1_149' title='bbox 463 1953 539 2015; x_wconf 82' lang='lat' dir='ltr'>redit</span> <span class='ocrx_word' id='word_1_150' title='bbox 551 1955 584 2013; x_wconf 83' lang='lat' dir='ltr'>in</span> <span class='ocrx_word' id='word_1_151' title='bbox 648 1951 796 2034; x_wconf 83' lang='lat' dir='ltr'>effaliarn.</span> <span class='ocrx_word' id='word_1_152' title='bbox 831 2007 836 2020; x_wconf 30' lang='grc' dir='ltr'><strong>ἶ</strong></span> <span class='ocrx_word' id='word_1_153' title='bbox 856 1981 858 1988; x_wconf 38' lang='lat' dir='ltr'>v</span> 
     </span>
    </p>
   </div>
   <div class='ocr_carea' id='block_1_8' title="bbox 86 2085 968 3411">
    <p class='ocr_par' dir='ltr' id='par_1_8' title="bbox 86 2085 968 3411">
     <span class='ocr_line' id='line_1_23' title="bbox 142 2085 902 2206; baseline 0 -22"><span class='ocrx_word' id='word_1_154' title='bbox 142 2085 208 2184; x_wconf 84' lang='lat' dir='ltr'>Po</span> <span class='ocrx_word' id='word_1_155' title='bbox 219 2139 258 2182; x_wconf 76' lang='grc' dir='ltr'>ετ</span> <span class='ocrx_word' id='word_1_156' title='bbox 267 2141 285 2180; x_wconf 81' lang='lat' dir='ltr'>u</span> <span class='ocrx_word' id='word_1_157' title='bbox 295 2141 345 2184; x_wconf 76' lang='lat' dir='ltr'>rer</span> <span class='ocrx_word' id='word_1_158' title='bbox 362 2120 513 2206; x_wconf 81' lang='lat' dir='ltr'>depulerat</span> <span class='ocrx_word' id='word_1_159' title='bbox 526 2115 619 2186; x_wconf 80' lang='lat' dir='ltr'>stellas</span> <span class='ocrx_word' id='word_1_160' title='bbox 633 2137 735 2184; x_wconf 85' lang='lat' dir='ltr'>aurora</span> <span class='ocrx_word' id='word_1_161' title='bbox 745 2125 902 2186; x_wconf 80' lang='lat' dir='ltr'>micantes:</span> 
     </span>
     <span class='ocr_line' id='line_1_24' title="bbox 142 2202 891 2299; baseline 0 -35"><span class='ocrx_word' id='word_1_162' title='bbox 142 2203 326 2264; x_wconf 86' lang='lat' dir='ltr'>Conveniunt</span> <span class='ocrx_word' id='word_1_163' title='bbox 338 2203 443 2299; x_wconf 89' lang='lat' dir='ltr'>populi</span> <span class='ocrx_word' id='word_1_164' title='bbox 457 2204 564 2265; x_wconf 86' lang='lat' dir='ltr'>sacrum</span> <span class='ocrx_word' id='word_1_165' title='bbox 577 2202 720 2266; x_wconf 85' lang='lat' dir='ltr'>Mavortis</span> <span class='ocrx_word' id='word_1_166' title='bbox 731 2206 762 2264; x_wconf 92' lang='lat' dir='ltr'>in</span> <span class='ocrx_word' id='word_1_167' title='bbox 773 2225 891 2284; x_wconf 87' lang='lat' dir='ltr'>arvum,</span> 
     </span>
     <span class='ocr_line' id='line_1_25' title="bbox 142 2279 833 2368; baseline 0.004 -24"><span class='ocrx_word' id='word_1_168' title='bbox 142 2279 361 2367; x_wconf 79' lang='lat' dir='ltr'>Consiliumque</span> <span class='ocrx_word' id='word_1_169' title='bbox 375 2287 449 2368; x_wconf 68' lang='lat' dir='ltr'>jugis</span> <span class='ocrx_word' id='word_1_170' title='bbox 461 2312 468 2348; x_wconf 87' lang='lat'>:</span> <span class='ocrx_word' id='word_1_171' title='bbox 488 2281 585 2345; x_wconf 90' lang='lat' dir='ltr'>medio</span> <span class='ocrx_word' id='word_1_172' title='bbox 597 2306 645 2345; x_wconf 89' lang='lat' dir='ltr'>rex</span> <span class='ocrx_word' id='word_1_173' title='bbox 657 2279 718 2365; x_wconf 88' lang='lat' dir='ltr'>ipse</span> <span class='ocrx_word' id='word_1_174' title='bbox 729 2282 833 2354; x_wconf 75' lang='lat' dir='ltr'>resedit</span> 
     </span>
     <span class='ocr_line' id='line_1_26' title="bbox 141 2363 940 2450; baseline -0.001 -26"><span class='ocrx_word' id='word_1_175' title='bbox 141 2364 270 2448; x_wconf 80' lang='lat' dir='ltr'>Agmine</span> <span class='ocrx_word' id='word_1_176' title='bbox 283 2371 460 2445; x_wconf 72' lang='lat' dir='ltr'>purpureus,</span> <span class='ocrx_word' id='word_1_177' title='bbox 478 2363 650 2448; x_wconf 90' lang='lat' dir='ltr'>sceptroque</span> <span class='ocrx_word' id='word_1_178' title='bbox 665 2363 783 2450; x_wconf 90' lang='lat' dir='ltr'>insrgnis</span> <span class='ocrx_word' id='word_1_179' title='bbox 799 2366 906 2426; x_wconf 88' lang='lat' dir='ltr'>eburno</span> <span class='ocrx_word' id='word_1_180' title='bbox 918 2387 940 2423; x_wconf 81' lang='lat' dir='ltr'>r·</span> 
     </span>
     <span class='ocr_line' id='line_1_27' title="bbox 104 2432 929 2520; baseline 0 -15"><span class='ocrx_word' id='word_1_181' title='bbox 104 2458 119 2520; x_wconf 69' lang='grc' dir='ltr'><strong><em>ς</em></strong></span> <span class='ocrx_word' id='word_1_182' title='bbox 143 2448 216 2506; x_wconf 84' lang='lat' dir='ltr'>Ecce</span> <span class='ocrx_word' id='word_1_183' title='bbox 228 2443 401 2504; x_wconf 82' lang='lat' dir='ltr'>adamanteis</span> <span class='ocrx_word' id='word_1_184' title='bbox 411 2432 576 2506; x_wconf 83' lang='lat' dir='ltr'>Vulcanum</span> <span class='ocrx_word' id='word_1_185' title='bbox 590 2443 701 2504; x_wconf 87' lang='lat' dir='ltr'>naribus</span> <span class='ocrx_word' id='word_1_186' title='bbox 714 2443 811 2506; x_wconf 84' lang='lat' dir='ltr'>efflant</span> <span class='ocrx_word' id='word_1_187' title='bbox 926 2459 929 2468; x_wconf 86' lang='grc'><em>’</em></span> 
     </span>
     <span class='ocr_line' id='line_1_28' title="bbox 143 2523 828 2610; baseline -0.003 -24"><span class='ocrx_word' id='word_1_188' title='bbox 143 2524 293 2606; x_wconf 82' lang='lat' dir='ltr'>AEripedes</span> <span class='ocrx_word' id='word_1_189' title='bbox 305 2526 393 2598; x_wconf 86' lang='lat' dir='ltr'>tauri,</span> <span class='ocrx_word' id='word_1_190' title='bbox 410 2527 550 2607; x_wconf 71' lang='lat' dir='ltr'>tastaeque</span> <span class='ocrx_word' id='word_1_191' title='bbox 563 2525 718 2610; x_wconf 82' lang='lat' dir='ltr'>vaporibus</span> <span class='ocrx_word' id='word_1_192' title='bbox 734 2523 828 2584; x_wconf 73' lang='lat' dir='ltr'>herbae</span> 
     </span>
     <span class='ocr_line' id='line_1_29' title="bbox 143 2600 853 2688; baseline -0.003 -22"><span class='ocrx_word' id='word_1_193' title='bbox 143 2605 252 2666; x_wconf 84' lang='lat' dir='ltr'>Ardent</span> <span class='ocrx_word' id='word_1_194' title='bbox 265 2625 272 2661; x_wconf 92' lang='lat'>:</span> <span class='ocrx_word' id='word_1_195' title='bbox 287 2619 375 2688; x_wconf 90' lang='lat' dir='ltr'>utque</span> <span class='ocrx_word' id='word_1_196' title='bbox 388 2600 481 2676; x_wconf 80' lang='lat' dir='ltr'>sdlent</span> <span class='ocrx_word' id='word_1_197' title='bbox 493 2603 573 2686; x_wconf 81' lang='lat' dir='ltr'>pleni</span> <span class='ocrx_word' id='word_1_198' title='bbox 588 2602 717 2666; x_wconf 89' lang='lat' dir='ltr'>resonare</span> <span class='ocrx_word' id='word_1_199' title='bbox 730 2605 834 2666; x_wconf 86' lang='lat' dir='ltr'>camini</span> <span class='ocrx_word' id='word_1_200' title='bbox 842 2649 853 2677; x_wconf 89' lang='lat'>‚</span> 
     </span>
     <span class='ocr_line' id='line_1_30' title="bbox 142 2681 753 2758; baseline -0.002 -12"><span class='ocrx_word' id='word_1_201' title='bbox 142 2685 220 2758; x_wconf 85' lang='lat' dir='ltr'>Aut,</span> <span class='ocrx_word' id='word_1_202' title='bbox 237 2683 285 2744; x_wconf 88' lang='lat' dir='ltr'>ubi</span> <span class='ocrx_word' id='word_1_203' title='bbox 301 2685 412 2746; x_wconf 78' lang='lat' dir='ltr'>terrent</span> <span class='ocrx_word' id='word_1_204' title='bbox 427 2684 522 2744; x_wconf 87' lang='lat' dir='ltr'>srlices</span> <span class='ocrx_word' id='word_1_205' title='bbox 535 2683 652 2745; x_wconf 80' lang='lat' dir='ltr'>fornace</span> <span class='ocrx_word' id='word_1_206' title='bbox 664 2681 753 2745; x_wconf 89' lang='lat' dir='ltr'>soluti</span> 
     </span>
     <span class='ocr_line' id='line_1_31' title="bbox 146 2761 968 2903; baseline 0.002 -81"><span class='ocrx_word' id='word_1_207' title='bbox 146 2763 325 2845; x_wconf 85' lang='lat' dir='ltr'>Concipiunt</span> <span class='ocrx_word' id='word_1_208' title='bbox 339 2767 436 2849; x_wconf 87' lang='lat' dir='ltr'>ignem</span> <span class='ocrx_word' id='word_1_209' title='bbox 452 2765 627 2903; x_wconf 66' lang='lat' dir='ltr'>liguidarum</span> <span class='ocrx_word' id='word_1_210' title='bbox 644 2761 794 2850; x_wconf 84' lang='lat' dir='ltr'>aspergine</span> <span class='ocrx_word' id='word_1_211' title='bbox 807 2773 968 2848; x_wconf 83' lang='lat' dir='ltr'>aquarum3</span> 
     </span>
     <span class='ocr_line' id='line_1_32' title="bbox 87 2842 850 2919; baseline 0.001 -14"><span class='ocrx_word' id='word_1_212' title='bbox 87 2860 124 2906; x_wconf 83' lang='lat' dir='ltr'>to</span> <span class='ocrx_word' id='word_1_213' title='bbox 144 2842 264 2906; x_wconf 76' lang='lat' dir='ltr'>Pedtora</span> <span class='ocrx_word' id='word_1_214' title='bbox 278 2844 314 2906; x_wconf 85' lang='lat' dir='ltr'>sic</span> <span class='ocrx_word' id='word_1_215' title='bbox 328 2846 404 2906; x_wconf 88' lang='lat' dir='ltr'>intus</span> <span class='ocrx_word' id='word_1_216' title='bbox 419 2844 484 2906; x_wconf 86' lang='lat' dir='ltr'>clau</span> <span class='ocrx_word' id='word_1_217' title='bbox 497 2865 526 2904; x_wconf 84' lang='lat' dir='ltr'>as</span> <span class='ocrx_word' id='word_1_218' title='bbox 538 2844 688 2906; x_wconf 80' lang='lat' dir='ltr'>volventia</span> <span class='ocrx_word' id='word_1_219' title='bbox 705 2846 850 2919; x_wconf 83' lang='lat' dir='ltr'>llarmnas,</span> 
     </span>
     <span class='ocr_line' id='line_1_33' title="bbox 145 2919 932 3008; baseline 0.004 -27"><span class='ocrx_word' id='word_1_220' title='bbox 145 2919 333 3008; x_wconf 80' lang='lat' dir='ltr'>Gutturaque</span> <span class='ocrx_word' id='word_1_221' title='bbox 348 2925 406 2984; x_wconf 85' lang='lat' dir='ltr'>usia</span> <span class='ocrx_word' id='word_1_222' title='bbox 418 2921 517 2985; x_wconf 88' lang='lat' dir='ltr'>sonant</span> <span class='ocrx_word' id='word_1_223' title='bbox 531 2933 539 2981; x_wconf 77' lang='grc' dir='ltr'><strong><em>ἐ</em></strong></span> <span class='ocrx_word' id='word_1_224' title='bbox 555 2939 651 3004; x_wconf 84' lang='lat' dir='ltr'>tamen</span> <span class='ocrx_word' id='word_1_225' title='bbox 662 2924 723 2985; x_wconf 89' lang='lat' dir='ltr'>illis</span> <span class='ocrx_word' id='word_1_226' title='bbox 733 2922 837 2984; x_wconf 82' lang='lat' dir='ltr'>AEsone</span> <span class='ocrx_word' id='word_1_227' title='bbox 846 2935 932 2984; x_wconf 85' lang='lat' dir='ltr'>natus</span> 
     </span>
     <span class='ocr_line' id='line_1_34' title="bbox 144 2999 939 3078; baseline 0.005 -16"><span class='ocrx_word' id='word_1_228' title='bbox 144 2999 261 3062; x_wconf 84' lang='lat' dir='ltr'>Obvius</span> <span class='ocrx_word' id='word_1_229' title='bbox 271 3007 305 3064; x_wconf 87' lang='lat' dir='ltr'>it.</span> <span class='ocrx_word' id='word_1_230' title='bbox 319 3003 441 3068; x_wconf 72' lang='lat' dir='ltr'>vereare</span> <span class='ocrx_word' id='word_1_231' title='bbox 454 3023 546 3076; x_wconf 83' lang='lat' dir='ltr'>truces</span> <span class='ocrx_word' id='word_1_232' title='bbox 557 3007 702 3078; x_wconf 81' lang='lat' dir='ltr'>venientis</span> <span class='ocrx_word' id='word_1_233' title='bbox 712 3004 747 3064; x_wconf 87' lang='lat' dir='ltr'>ad</span> <span class='ocrx_word' id='word_1_234' title='bbox 758 3009 809 3064; x_wconf 79' lang='lat' dir='ltr'>o&#39;ra</span> <span class='ocrx_word' id='word_1_235' title='bbox 825 3032 828 3038; x_wconf 45' lang='lat'><strong>¹</strong></span> <span class='ocrx_word' id='word_1_236' title='bbox 844 3049 846 3054; x_wconf 67' lang='lat'><em>.</em></span> <span class='ocrx_word' id='word_1_237' title='bbox 934 3043 939 3052; x_wconf 76' lang='lat'>=</span> 
     </span>
     <span class='ocr_line' id='line_1_35' title="bbox 118 3079 878 3169; baseline 0 -25"><span class='ocrx_word' id='word_1_238' title='bbox 118 3108 120 3114; x_wconf 57' lang='lat'><em>&#39;</em></span> <span class='ocrx_word' id='word_1_239' title='bbox 145 3079 305 3144; x_wconf 83' lang='lat' dir='ltr'>Terribiles</span> <span class='ocrx_word' id='word_1_240' title='bbox 318 3084 431 3157; x_wconf 88' lang='lat' dir='ltr'>vultus,</span> <span class='ocrx_word' id='word_1_241' title='bbox 450 3083 619 3169; x_wconf 78' lang='lat' dir='ltr'>praefixaque</span> <span class='ocrx_word' id='word_1_242' title='bbox 630 3105 736 3150; x_wconf 82' lang='lat' dir='ltr'>eornua</span> <span class='ocrx_word' id='word_1_243' title='bbox 747 3083 849 3158; x_wconf 82' lang='lat' dir='ltr'>serro&#39;,</span> <span class='ocrx_word' id='word_1_244' title='bbox 875 3129 878 3137; x_wconf 83' lang='grc'><em>.</em></span> 
     </span>
     <span class='ocr_line' id='line_1_36' title="bbox 146 3159 933 3246; baseline 0.005 -26"><span class='ocrx_word' id='word_1_245' title='bbox 146 3159 377 3242; x_wconf 77' lang='lat' dir='ltr'>Pulvereumque</span> <span class='ocrx_word' id='word_1_246' title='bbox 392 3162 485 3224; x_wconf 88' lang='lat' dir='ltr'>solum</span> <span class='ocrx_word' id='word_1_247' title='bbox 497 3165 571 3246; x_wconf 90' lang='lat' dir='ltr'>pede</span> <span class='ocrx_word' id='word_1_248' title='bbox 626 3161 732 3228; x_wconf 69' lang='lat' dir='ltr'>llirver&#39;e</span> <span class='ocrx_word' id='word_1_249' title='bbox 745 3161 857 3226; x_wconf 82' lang='lat' dir='ltr'>bisulco</span> <span class='ocrx_word' id='word_1_250' title='bbox 871 3161 933 3244; x_wconf 84' lang='lat' dir='ltr'>(r),</span> 
     </span>
     <span class='ocr_line' id='line_1_37' title="bbox 86 3236 820 3328; baseline 0.005 -29"><span class='ocrx_word' id='word_1_251' title='bbox 86 3255 123 3313; x_wconf 72' lang='grc' dir='ltr'>ις</span> <span class='ocrx_word' id='word_1_252' title='bbox 146 3236 350 3322; x_wconf 80' lang='lat' dir='ltr'>Fumifieisque</span> <span class='ocrx_word' id='word_1_253' title='bbox 365 3242 462 3304; x_wconf 84' lang='lat' dir='ltr'>loerun</span> <span class='ocrx_word' id='word_1_254' title='bbox 476 3248 583 3328; x_wconf 84' lang='lat' dir='ltr'>mugiti</span> <span class='ocrx_word' id='word_1_255' title='bbox 603 3263 635 3304; x_wconf 88' lang='lat' dir='ltr'>us</span> <span class='ocrx_word' id='word_1_256' title='bbox 649 3245 820 3326; x_wconf 85' lang='lat' dir='ltr'>implevere.</span> 
     </span>
     <span class='ocr_line' id='line_1_38' title="bbox 137 3316 867 3411; baseline 0.011 -29"><span class='ocrx_word' id='word_1_257' title='bbox 137 3316 303 3406; x_wconf 49' lang='lat' dir='ltr'>„Diriguere</span> <span class='ocrx_word' id='word_1_258' title='bbox 316 3333 397 3382; x_wconf 84' lang='lat' dir='ltr'>metu</span> <span class='ocrx_word' id='word_1_259' title='bbox 407 3323 526 3408; x_wconf 77' lang='lat' dir='ltr'>Minyae.</span> <span class='ocrx_word' id='word_1_260' title='bbox 540 3325 621 3391; x_wconf 84' lang='lat' dir='ltr'>Subit</span> <span class='ocrx_word' id='word_1_261' title='bbox 632 3325 685 3391; x_wconf 83' lang='lat' dir='ltr'>ille</span> <span class='ocrx_word' id='word_1_262' title='bbox 694 3326 867 3411; x_wconf 74' lang='lat' dir='ltr'>,assignes</span> 
     </span>
    </p>
   </div>
   <div class='ocr_carea' id='block_1_9' title="bbox 0 0 1058 3864">
    <p class='ocr_par' dir='ltr' id='par_1_9' title="bbox 0 0 1058 3864">
     <span class='ocr_line' id='line_1_39' title="bbox 0 0 1058 3864; baseline 0 0"><span class='ocrx_word' id='word_1_263' title='bbox 0 0 1058 3864; x_wconf 95' lang='lat' dir='ltr'> </span> 
     </span>
    </p>
   </div>
  </div>
 </body>
</html>
