2062 3860
149 145 203 198 118
267 133 900 212 METAMORPHOSES

84 263 119 320 45
144 245 204 306 Hic
213 248 301 306 toties
312 245 345 305 ad
357 267 402 305 me
412 243 544 328 resupino
555 251 657 310 nititur
670 271 730 312 ore.

145 323 285 409 Quisquis
298 347 326 388 es
335 372 343 399 ,
357 325 412 386 huc
430 330 491 386 eri:
504 328 573 410 quid
585 351 647 401 me,
660 353 732 411 puer
744 336 850 409 unice,
865 335 985 398 fallis?

143 407 252 485 Quove
262 407 372 485 petitus
387 405 462 466 abis?
477 412 555 468 certe
567 429 618 470 nec
634 407 743 487 forma,
755 435 806 474 nec
817 431 894 475 aetas

143 483 1015 623 Erimon,quamiugias;&amaruntmequoquenympha.

144 568 232 648 Spem
250 571 288 624 mi
312 563 434 624 inescio
449 588 536 650 quam
550 569 632 628 uultu
646 577 795 651 promittis
810 582 920 636 arnico
936 602 945 635 ε

84 667 123 724 50
145 647 277 728 Cumque
294 667 363 730 ergo
401 648 492 706 orrexi
505 649 556 706 tibi
566 649 694 722 brachia,
709 657 838 738 porrigis
851 657 968 716 uitro:

146 725 221 786 Cim
237 723 298 801 rifi,
317 667 437 804 atridem
451 727 592 809 iacrymas
605 751 722 815 quoque
737 731 810 815 saepe
827 741 968 812 notavi,

143 807 194 866 Me
205 804 397 888 lacrymante,
412 821 491 881 tuas,
508 823 578 868 nutu
594 831 710 894 qnoque
724 811 801 898 signa
812 818 977 876 remittis:

143 885 182 946 Et
220 886 337 954 uanuim
350 900 434 946 motu
447 886 563 946 sormofi
576 887 704 972 suspicor
715 901 788 970 oris,

115 1027 119 1042 ¹
143 906 241 1026 Veiba
255 965 361 1038 refers,
379 985 443 1026 ores
458 988 515 1025 non
530 973 727 1050 pervenientia
741 974 862 1036 nostras.

85 1064 119 1122 55
144 1047 197 1106 Iste
214 1046 276 1129 ego'
289 1043 363 1104 sum:
381 1041 464 1118 sensr,
476 1063 526 1106 nec
538 1071 584 1107 me
599 1072 664 1111 mea
680 1051 758 1114 fallit
768 1056 870 1139 imago
886 1079 894 1114 ι

141 1125 221 1206 Uror
233 1147 329 1186 amore
341 1125 412 1198 mei,
429 1127 557 1186 flammas
571 1127 735 1214 moueopue
744 1127 762 1206 ,'
772 1133 909 1218 feroque.

131 1199 351 1284 ‘Qutdfaciamt
362 1226 461 1286 roger,
474 1226 543 1268 anne
555 1227 666 1294 rogemi
675 1212 744 1294 quid
752 1213 852 1274 deinde
861 1215 1005 1299 rogabo?

144 1283 233 1364 Quod
245 1288 333 1368 cupio
349 1305 461 1345 mecum
476 1288 532 1345 est:
547 1289 664 1372 inopem
678 1313 724 1350 me
735 1294 916 1374 copiafecit.

146 1366 177 1426 Ο
196 1369 303 1426 utinam
315 1367 330 1425 i
344 1367 437 1424 nostro
452 1365 580 1427 secedere
590 1377 710 1452 corpore
728 1371 855 1452 possem!

83 1449 124 1508 '60
147 1443 299 1511 Votumin
313 1459 426 1508 amante
438 1467 545 1508 nouum
555 1451 725 1528 est3uellem
732 1499 743 1528 ‚
755 1455 1002 1538 quodamanruS,

205 1520 324 1587 abesset!
742 1549 745 1552 '

143 1607 267 1692 Jamque
283 1605 365 1664 dolor
378 1609 451 1667 vires
464 1607 583 1682 adimit,
597 1631 649 1670 nec
666 1622 801 1692 tempora
818 1617 893 1675 vita?

143 1689 249 1769 Longa
266 1685 336 1756 meae
357 1684 509 1768 superant,
527 1692 681 1773 primoque
700 1696 857 1778 extingunt
871 1698 904 1761 in
921 1717 1000 1756 aevo.

144 1767 209 1826 Nec
223 1765 294 1826 mihi
305 1787 381 1825 mors
396 1771 490 1852 grauis
503 1771 556 1843 est,
566 1768 695 1850 pofituro
706 1789 800 1833 morte
814 1773 934 1836 dolores
948 1798 955 1832 :

88 1905 90 1912 ,
143 1845 219 1928 Hie,
239 1847 289 1986 qui
306 1845 455 1932 diligitur,
469 1849 576 1911 vellem
590 1848 751 1911 diuturnior
767 1847 853 1914 esset.-

84 1937 118 2004 65
141 1926 241 1990 Nunc'
260 1927 297 1986 uo
309 1928 463 1990 concordes
474 1931 569 1990 animi
581 1932 737 1992 moriemur
750 1936 780 1992 in
794 1935 859 1994 uui.

260 2077 298 2138 V
295 2075 362 2138 tlt.
378 2075 540 2158 Narcissus
556 2077 588 2137 in
601 2079 712 2158 florent
726 2097 875 2140 mutatur.

142 2201 210 2308 Dr
220 2261 305 2318 ΧΠ,
321 2247 511 2310 &adfaciem
525 2248 610 2310 rediit
623 2239 780 2310 malesanus
792 2247 921 2309 eamdem
934 2275 942 2310 :

137 2329 179 2390 Et
193 2329 327 2410 lacrymis
341 2329 466 2392 turbavit
479 2349 586 2413 aquas,
601 2329 775 2411 obscuraque
794 2345 881 2388 moto

141 2409 265 2470 Reddita
279 2405 372 2470 forma
385 2408 450 2469 lacu
464 2413 518 2488 est3
533 2429 620 2494 quam
637 2403 834 2548 &vidisset
849 2409 948 2487 abire,

92 2487 97 2498 ’
142 2489 212 2570 Qud
231 2489 354 2572 refugis?
373 2511 485 2550 remane
495 2513 508 2567 32
524 2512 575 2550 nec
592 2511 651 2561 me,
716 2487 803 2559 delis,
819 2505 966 2550 amantem

103 2591 126 2648 ςΙ
141 2569 266 2643 Desere,
278 2570 546 2644 clamauitzliceat,
563 2568 640 2654 quod
656 2582 772 2653 tangere
785 2587 841 2627 non
856 2571 912 2645 est,

142 2648 280 2728 Aspicere
293 2659 320 2708 &
335 2647 436 2710 misero
450 2649 573 2729 praebere
585 2650 722 2710 alimenta
733 2647 835 2709 furori.
959 2723 961 2728 Α

141 2729 280 2810 Dumque
295 2729 392 2803 dolet,
405 2726 514 2788 summit
530 2731 636 2790 vestem
649 2728 763 2791 deduxit
777 2729 811 2789 ab
824 2727 894 2802 ori,

140 2807 285 2890 Nudaque
295 2811 465 2870 marmoreis
473 2809 607 2889 percussit
620 2812 738 2890 pediora
752 2809 873 2892 palmis:

140 2886 264 2947 Postera
277 2896 421 2968 traxerunt
434 2901 551 2950 tenuem
564 2883 690 2972 pereussa
704 2891 851 2962 ruborem,

85 2990 122 3033 ιο
143 2965 212 3028 Non
223 2969 323 3042 aliter,
341 2971 427 3053 quim
440 2979 529 3052 poma
545 2968 655 3043 soient,
670 2993 733 3055 quae
744 2970 860 3037 candida
871 2981 969 3052 parte,

142 3045 229 3108 Par'te
244 3048 358 3110 rubent:
371 3051 419 3110 a'ur
433 3066 465 3111 ut
480 3053 565 3114 variis
578 3049 652 3112 solet
664 3072 719 3113 uva
732 3052 849 3111 racemis
895 3067 899 3076 ·

131 3112 258 3189 ’Βυὲέῐε
274 3151 462 3210 purpureum,
477 3131 601 3192 nondum
616 3145 742 3210 matura,
761 3129 901 3192 colorem.

144 3207 218 3283 Quae
232 3205 313 3266 srmul
327 3207 437 3288 aspexit
449 3213 604 3293 liquesasii
622 3208 711 3270 rursus
725 3213 755 3269 in
771 3210 858 3282 undi,

141 3286 211 3346 Nou
224 3285 293 3346 tulit
305 3287 423 3348 ulteriris
438 3311 445 3346 τ
459 3290 507 3350 sed
515 3333 524 3363 ‚
537 3305 569 3356 ut
584 3286 756 3372 intabescere
769 3293 848 3352 fluvae
