2062 3860
162 191 223 256 “rrb
283 181 930 254 METAMORPHOSES

164 296 227 358 Hic
238 315 327 378 puer,
345 292 476 354 &studio
492 293 612 355 venandi
628 283 855 370 laffus&aestu,
1015 351 1017 361 ,

165 376 338 448 Procubuit,
354 373 517 456 faciemque
533 375 592 432 loci
610 372 780 458 fontemque
790 373 949 438 secutus.-

166 458 304 538 Dumque
321 451 395 514 srtim
409 451 502 514 sedare
521 455 620 534 cupit:
634 453 693 514 fitis
707 455 797 516 altera
813 459 949 518 crevit:
1018 448 1019 457 ¹

109 555 147 600 ιο
166 535 304 618 Dumque
314 532 403 604 bibit,
416 530 483 594 visoe
493 547 642 613 correptus
652 537 780 618 imagine
792 533 912 595 formae
925 578 937 608 ,
1020 547 1023 617 ᾗ

172 615 247 676 Rem
272 611 468 750 linebcurptore
491 626 570 673 amat
588 635 596 671 r
617 634 720 694 eorpus
738 629 826 696 putat
845 611 942 691 effe,
967 625 1023 698 que

269 715 318 752 um
339 713 401 752 rae
680 737 683 740 -
807 728 812 738 ·

168 771 311 855 Adstupet
322 775 385 853 ipse
403 737 471 844 fiii,
486 769 628 856 vultuque
640 777 780 834 immotus
796 776 916 837 eodem
1026 844 1027 848 ,

170 852 288 928 Haeret,
308 869 341 912 ut
358 853 470 916 ePario
486 849 644 912 formatum
656 875 796 913 marmore
808 853 955 939 lignum·
1026 855 1027 858 ’

165 933 286 1014 Spectat
296 933 376 992 humi
390 930 513 1012 politus;
527 933 673 1016 geminum
685 929 734 993 sua
744 935 856 994 lumina
874 935 987 1011 lidus,

111 1031 143 1087 ις
169 1014 210 1075 Et
223 1013 251 1072 di
275 1034 325 1072 nos
342 1011 470 1081 Baccho,
488 1009 590 1092 dignos
606 1019 634 1070 &
646 1013 787 1092 Apolline
801 1017 926 1090 crines,

130 1141 140 1154 .
169 1096 255 1174 lmpu
291 1090 359 1175 sque
375 1112 477 1174 genas,
492 1091 650 1150 &eburnea
663 1091 757 1174 colle,
775 1091 931 1178 decusque

172 1173 243 1235 Oris
259 1180 286 1231 &
295 1175 324 1230 in
335 1173 420 1230 niveo
433 1166 545 1230 mistum
557 1171 677 1230 caudore
693 1171 840 1232 ruborem:

171 1253 340 1334 Cunstaque
353 1252 488 1324 miratur,
505 1249 607 1334 quibus
618 1251 657 1308 est
670 1250 807 1311 mirabilis
820 1250 897 1332 ipse.

172 1333 210 1394 Se
227 1333 308 1413 cupit
325 1329 502 1411 imprudens3
519 1333 546 1388 &
563 1331 614 1411 qui
630 1330 749 1410 probat,
765 1329 826 1411 ipse
836 1332 1013 1411 probatur:

113 1432 153 1473 ao
175 1413 313 1496 Dumque
323 1413 414 1492 petit,
426 1413 550 1491 petitur;
581 1410 723 1492 ariterque
732 1411 876 1483 accendit,
890 1421 922 1472 δι
937 1411 1029 1473 arderi

176 1495 261 1554 Irrita
272 1492 368 1552 fallaci
384 1493 499 1574 quoties
512 1489 545 1548 de
564 1490 588 1547 it
600 1485 696 1548 oscula
712 1489 804 1550 fonti!

175 1576 207 1634 In
221 1572 321 1631 mediis
332 1571 447 1652 quoties
460 1565 703 1648 visumcaptantia
713 1569 821 1627 collum

174 1651 308 1711 Bracchia
326 1647 420 1708 mersu
432 1649 531 1743 aquis,
546 1667 598 1708 nec
611 1645 640 1706 se
652 1646 800 1727 deprendit
814 1651 843 1706 in
856 1646 941 1710 illisi
1029 1717 1030 1726 χ

175 1729 255 1809 Quid
265 1729 374 1802 videat,
391 1724 555 1794 nescrtrsed
589 1725 645 1786 uod
657 1728 752 1802 videt,
771 1729 859 1787 uritur
869 1728 956 1788 illo:

114 1826 149 1884 a5
174 1813 273 1892 Atque
289 1809 390 1870 oculos
401 1809 497 1877 idem,
508 1808 559 1890 qui
567 1747 694 1886 decipit,
712 1808 812 1868 incitat
826 1806 918 1867 error.

175 1889 318 1964 Credule,
332 1887 401 1972 quid
412 1886 509 1946 frustri
522 1887 667 1947 simulacta
680 1886 792 1971 fugacia
807 1901 923 1968 captas?

178 1971 268 2048 Quod
276 1967 416 2049 petis,est
423 1964 572 2050 nusquam:
583 1965 755 2050 quodamas,
763 1983 903 2042 avertere,
912 1963 1029 2048 perdes.

173 2049 228 2108 Ista
245 2043 421 2128 repercullae‚
439 2068 526 2129 quam
537 2049 640 2121 cernis,
654 2047 789 2132 imaginis
801 2046 901 2106 umbra
912 2049 974 2108 est:

177 2125 233 2188 Nil
246 2127 329 2186 habet
346 2128 397 2188 ista
407 2123 465 2196 sui,·
477 2141 569 2188 tecum
583 2129 718 2211 venitque
725 2171 734 2200 ‚
747 2139 903 2210 manetque
916 2148 924 2184 r

118 2229 156 2291 30
177 2207 291 2268 Tecum
302 2201 440 2284 discedet,
455 2206 518 2267 srtu
528 2205 667 2268 discedere
678 2205 774 2288 poffis.

176 2288 246 2350 Non
257 2286 342 2346 illurn
353 2287 483 2360 Cereris,
496 2309 551 2346 uon
563 2287 645 2346 ilium
660 2308 728 2348 cura
759 2287 861 2358 uietis,

178 2366 418 2428 Abstrabereiude
428 2368 539 2448 potest:
549 2363 596 2426 sed
608 2368 699 2448 opaci
712 2307 788 2428 iuius
800 2368 830 2424 iu
843 2365 932 2426 berbi
959 2421 962 2433 ,

177 2450 295 2530 Spediat
306 2449 453 2526 inexpleto
466 2447 626 2508 mendacem
640 2446 748 2508 lumine
764 2445 907 2518 formam„

180 2531 293 2613 Perque
302 2527 401 2588 oculos
411 2529 487 2608 perit
499 2524 560 2607 ipse
572 2525 635 2586 suos
642 2548 651 2602 3
662 2526 838 2610 paulumque
847 2525 963 2590 levatus
1002 2589 1005 2594 ,

125 2626 160 2692 35
183 2609 230 2671 Ad
240 2609 448 2669 circumstantes
461 2607 574 2666 tendens
587 2603 635 2667 sua
646 2606 759 2666 brachia
772 2605 869 2680 silvas,

180 2690 303 2774 Ecquis,
317 2690 348 2747 io
364 2686 453 2758 filvae,
467 2684 606 2750 crudelius
615 2729 624 2758 ,
640 2688 751 2770 inquit,
767 2688 895 2747 amavit?

180 2767 326 2861 Ecquem,
341 2765 407 2827 crim
418 2766 512 2828 vestra
526 2780 571 2826 tot
581 2782 701 2851 agantur
713 2763 812 2826 saecula
825 2767 909 2840 virae,

181 2845 245 2924 Qur
260 2842 294 2906 sic
306 2846 442 2918 tabuerit,
462 2845 552 2929 longo
564 2847 728 2906 meministis
739 2847 769 2904 in
780 2860 855 2908 evoe

180 2925 221 2988 Et
233 2923 347 3006 placet,
363 2934 390 2988 δι
403 2925 486 2986 video
499 2949 506 2984 r
517 2925 564 2986 sed
577 2926 655 3010 quod
668 2926 810 3009 videoque
826 2923 998 3010 placetque,

82 3051 86 3068 ,
122 3028 163 3083 40
184 3004 216 3065 N
218 3024 256 3062 on
267 3016 363 3065 tamen
372 3007 487 3066 inuenio
499 3029 506 3063 :
517 3019 612 3068 tantus
624 3020 702 3071 tenet
713 3025 790 3066 error
801 3019 956 3066 amantem.

91 3083 94 3088 '
181 3083 311 3226 guoque
323 3087 413 3167 magis
424 3085 552 3160 doleam,
565 3109 616 3148 nec
630 3107 681 3146 uos
693 3107 768 3146 mare
781 3083 890 3166 separat
902 3087 1011 3172 ingens,

216 3185 247 3223 ec
264 3164 327 3232 via,
341 3185 393 3224 uec
404 3181 536 3240 montes,
552 3187 603 3227 nec
617 3164 714 3228 clausu
727 3168 834 3226 moenia
843 3167 950 3246 portis:

184 3243 299 3325 Exigui
314 3243 498 3321 prohibemur
513 3245 586 3328 aqui
597 3267 604 3303 τ
617 3247 700 3324 cupit
710 3241 772 3325 ipse
784 3246 893 3304 tenerit

157 3328 159 3333 ’
180 3320 262 3386 Nam
278 3321 393 3409 quotics
403 3321 521 3404 liquidis
532 3325 711 3410 porreximus
722 3320 818 3388 oscula
835 3323 978 3409 lympbir:
