2078 3862
22 217 23 222 κ
115 139 153 262 ’ἐι
269 155 832 293 uurrno'urrros'rsf
952 201 955 208 ·

114 371 184 436 IV.
202 373 348 437 Phoiron
368 371 448 434 mali
460 395 581 434 currum
601 375 685 435 Solis
698 376 797 460 regies
815 373 968 436 habenas

348 457 460 516 mentis
480 457 581 537 impos
599 455 723 535 objicit.
833 466 837 471 '

114 603 295 706 lurum
309 645 440 708 volucres
450 646 574 730 Pyrois,
588 645 688 720 Eous,
707 657 735 708 δι
749 647 857 722 AEton,
922 673 926 678 ·

111 725 188 786 Solis
200 728 285 809 equi,
299 727 474 824 quartusque
486 727 633 812 Phlegon.
652 729 810 789 hinnitibus
822 746 908 788 auras

110 805 305 867 Flammiferis
316 807 456 888 implent,
470 805 641 890 pedibusque
654 807 792 892 repagula
804 810 937 890 pulsant.

97 963 99 968 Ι
116 885 191 965 Quae
203 887 353 970 postquam
365 884 489 960 Thetis,
507 886 632 948 fatorum
645 890 746 972 ignaro
759 889 875 969 nepotis
891 888 903 966 (
911 887 960 966 r),

79 979 94 1038 5
116 965 318 1048 Reppulit;,&
333 965 407 1028 facia
419 969 458 1027 est
473 965 601 1027 immenfi
614 969 697 1048 copia
714 959 800 1028 coeli‘:

114 1046 289 1128 Corripuere
302 1048 378 1107 viam
385 1089 394 1117 ,
410 1043 584 1129 pedibusque
596 1067 648 1128 per
661 1056 725 1108 a‘e‘ra
733 1049 839 1108 motis·

114 1125 267 1188 Obstantes
283 1126 410 1188 scindunt
422 1127 554 1200 nebulas,
570 1124 674 1207 pennis
691 1149 725 1186 ue
738 1126 828 1188 levati
918 1141 920 1148 ’

112 1205 288 1266 Praetereunt
304 1222 383 1267 ortos
396 1206 485 1266 isdem
495 1206 529 1264 de
541 1149 783 1286 portibuslduros.

111 1285 168 1348 Sed
179 1285 243 1346 leve
259 1285 369 1368 pondus
380 1299 457 1362 erat,
477 1308 528 1347 nec
540 1287 616 1370 quod
632 1286 802 1371 cognoscere
814 1279 933 1367 pollent

56 1386 94 1428 ιο
112 1365 190 1430 Solis
206 1369 292 1450 equi,
312 1366 454 1451 solitique
469 1366 569 1450 jugum
581 1371 725 1452 gravitate
738 1365 861 1428 carebat.

114 1447 219 1532 thue
233 1447 330 1507 labant
346 1469 437 1508 curvae
448 1450 521 1523 justo
534 1445 589 1505 sine
601 1448 727 1527 pondere
739 1465 844 1513 naves,

113 1526 227 1610 Perque
238 1547 314 1586 mare
329 1527 469 1586 instabiles
482 1523 571 1584 nimii
585 1526 707 1587 levitate
720 1525 866 1588 feruntur:

24 1633 29 1642 ¹
116 1605 165 1667 Sic
179 1627 265 1665 onere
281 1603 390 1666 insueto
403 1625 508 1664 vacuos
518 1603 565 1664 dat
578 1609 607 1664 in
619 1614 682 1666 a'e're
697 1603 782 1665 saltus
796 1652 805 1680 ,

115 1685 336 1766 Succutiturque
347 1683 423 1760 alte,
442 1681 594 1766 firnilisque
608 1687 647 1744 est
659 1707 754 1746 currus
766 1685 854 1745 inani.

58 1779 96 1838 ἰς
121 1765 209 1844 Quod
224 1763 306 1826 smul
320 1761 491 1835 aesculeto,
506 1778 608 1839 ruunt,
624 1768 782 1850 tritumque
793 1764 959 1848 relinquunt

77 1921 79 1925 ,
118 1845 311 1931 Quadrijuges
321 1842 445 1926 spatium
457 1869 463 1905 :
480 1867 541 1925 neq,
553 1865 612 1928 quo
621 1847 712 1927 priris,
724 1846 820 1904 ordine
830 1857 958 1905 currunt.

118 1927 131 1983 l
156 1922 183 1984 se
220 1939 301 2000 avet,
316 1945 370 1984 nec
382 1927 439 2009 qud
454 1923 615 1986 commissas
628 1927 722 1987 flectat
735 1925 876 1998 habenas,

150 2023 183 2064 ec
195 1947 247 2064 seit
258 2004 314 2087 qud
325 2003 360 2062 su
370 2008 444 2065 iter:
460 2025 510 2065 nec
523 2053 530 2078 ,
545 2003 563 2064 sr
577 2004 659 2081 sciat,
674 2009 799 2086 imperet
816 2003 887 2065 illis.
917 2059 923 2073 ‚

97 2137 99 2143 ,
117 2081 197 2142 Tum
213 2083 338 2164 primurn
350 2084 435 2144 radiis
448 2084 537 2168 gelidi
552 2085 663 2146 caluere
674 2074 817 2164 Trione83
861 2096 863 2100 ’

59 2188 97 2226 20
118 2161 155 2224 Et
167 2166 260 2225 vetito
274 2162 372 2223 frustri
387 2177 533 2226 tentarunt
544 2187 657 2249 aequorc
672 2168 757 2263 tingi.
1010 2121 1022 2210 4

119 2243 251 2326 Quaeque
265 2244 337 2324 polo
353 2242 444 2324 posrta
458 2247 497 2306 ell
510 2245 626 2328 glaciali
642 2265 773 2326 proxima
793 2242 922 2326 serpens,

116 2321 238 2408 Frigore
249 2327 280 2405 pi
306 2345 334 2382 ra
347 2323 446 2404 priris,
465 2345 517 2384 nec
532 2323 718 2384 formidabilis
732 2323 802 2398 ulli,

118 2403 255 2480 Incaluit,
273 2345 446 2486 ffimpfitque
458 2425 546 2466 novas
559 2403 715 2467 fervoribus
729 2406 794 2464 iras.

117 2483 164 2544 Te
175 2501 291 2570 quoque
304 2485 446 2546 turbatum
458 2501 617 2560 memorant
628 2479 748 2568 fugisse,
766 2482 859 2544 Boote
871 2503 880 2559 3

59 2581 94 2637 25
121 2563 262 2642 Quamvis
278 2561 370 2625 tardus
383 2585 459 2636 eras,
475 2573 502 2623 or
518 2577 546 2639 te
559 2577 610 2626 tua
626 2565 747 2636 plaustra
761 2562 903 2624 tenebant.

117 2643 164 2702 Ut
178 2645 245 2704 verd
261 2644 372 2702 summo
385 2641 512 2724 despexit
523 2642 558 2701 ab
572 2642 675 2702 aetltere
688 2659 776 2703 terras

120 2720 224 2780 infelix
237 2720 384 2794 Pha‘c’ton,
397 2724 512 2804 penitus
528 2721 699 2807 penitusque
711 2727 852 2801 jacente53

118 2798 244 2874 Palluit,
260 2808 286 2860 &
300 2800 393 2862 subito
411 2821 504 2886 genua
517 2803 687 2882 intremuere
700 2805 823 2875 timore,

117 2879 248 2962 Suntque
261 2880 353 2941 oculis
367 2881 489 2942 tenebrae
501 2903 552 2962 per
565 2895 677 2943 tantum
689 2884 786 2942 lumen
799 2881 921 2944 abortaee

59 2979 99 3040 30
116 2959 155 3022 Et
169 2962 225 3036 jam
244 2959 345 3022 mallet
360 2981 449 3045 equos
466 2983 609 3046 nunquam
621 2957 748 3046 tetigisse
763 2977 916 3043 paternos,

117 3037 182 3104 lant
199 3034 335 3125 cognoffe
374 3043 560 3126 enuspiget,
574 3051 601 3103 δι
613 3038 729 3121 valuisse
743 3042 888 3132 rogando:

117 3118 181 3183 Janr
201 3121 331 3200 Meropis
342 3061 400 3181 dci
418 3125 556 3203 cupiens,
571 3123 613 3184 ita
629 3123 730 3194 fertur,
749 3137 781 3183 ut
795 3124 859 3182 atta
899 3173 902 3180 ,

118 3197 265 3278 Praetipiti
278 3203 361 3280 pinus
380 3201 471 3280 Bored
483 3244 492 3273 ,
505 3203 551 3261 cui
567 3205 642 3262 visin
654 3200 760 3262 remisit

118 3275 209 3338 Frena
225 3277 288 3338 suus
305 3281 412 3349 testor,
428 3299 515 3360 quam
531 3280 604 3354 Dis,
619 3279 751 3366 votisque
768 3280 894 3364 reliquis·

60 3374 99 3440 35⁴
120 3357 201 3440 Quid
214 3355 315 3426 saciati
330 3355 456 3424 multum
469 3357 536 3426 coeli
549 3361 613 3444 post
626 3376 708 3448 terga
719 3360 853 3432 telislum
860 3407 874 3446 ,
