2062 3860
140 189 195 256 nc
274 163 870 271 utrsuourrrosrsv

14 355 15 358 Ἴ
135 277 192 346 Nil
209 285 320 365 poterit
329 281 405 346 Juno
418 303 425 340 :
438 279 607 342 nisiinultos
619 283 685 342 flere
697 281 830 345 doloresr

135 365 227 504 ldnue
240 363 312 423 mihi
323 361 390 457 satis
401 362 458 421 est?
472 361 531 423 haec
544 382 598 420 una
607 364 843 444 potentianostra
852 365 895 462 est.
901 379 916 426 t

136 446 172 604 ἐς
186 466 201 504 e
213 443 297 503 docet
309 440 377 528 qurd
389 461 475 580 Ἥκω
487 464 494 499 :
510 441 551 500 sas
563 444 601 500 est
617 450 644 502 dt
656 441 691 501 ab
707 441 787 504 hoste
799 445 898 506 docerr
911 466 920 502 r

171 524 274 605 uidque
289 519 397 581 surorv
430 535 492 596 eat,
507 520 635 582 Penthei
648 521 721 592 carde
734 522 862 608 satisque

81 625 114 684 15
138 605 184 665 Ac
200 599 283 683 super
298 599 431 662 ostendit.
449 601 510 661 Cur
519 623 576 660 non
588 602 884 688 stimuletur,eatque

137 684 192 746 Per
208 694 331 767 cognata
349 677 406 752 suis
417 682 550 762 exempla
562 678 703 741 sororibus
720 684 787 744 lunt

136 763 185 824 Est
196 763 243 823 via
260 758 396 834 declivis,
412 759 520 820 funem
529 760 632 836 nubila
645 769 733 821 tarn:
906 831 911 838 ι

39 891 49 910 .
136 842 231 904 Ducit
241 841 276 902 ad
288 839 410 902 infernas
445 861 475 900 er
488 855 567 902 muta
580 838 692 902 silentia
706 838 802 902 sedes:
829 878 838 889 ι

137 917 209 1004 Styx
223 919 338 982 nebulas
352 863 466 982 exhabt
479 921 567 996 iners,
583 922 686 982 umbrae
708 942 744 981 ue
760 933 892 982 recentes
909 931 913 938 '

78 1025 116 1066 ae
137 999 321 1062 Descendunt
332 1000 414 1074 illae,
432 999 634 1100 smniacraque
645 999 695 1060 sun
752 997 903 1082 sepulcris.

54 1095 57 1110 ·
136 1081 251 1153 Pallor,
266 1077 363 1140 hiems
379 1099 414 1139 ue
426 1093 525 1141 tenent
536 1078 594 1141 late
609 1079 677 1141 loca
688 1079 766 1141 senta
778 1102 786 1138 :
798 1082 951 1164 novique,

88 1220 93 1231 ,
138 1161 207 1246 Qud
218 1160 251 1222 stt
263 1163 335 1236 iter,
355 1101 473 1234 dianes,
487 1159 623 1244 Stygiam
636 1161 714 1244 quod
725 1159 808 1222 ducat
819 1160 854 1220 ad
864 1159 988 1232 urbem,

138 1245 153 1302 1
175 1255 296 1316 norant,
310 1237 358 1299 ubi
371 1238 404 1300 sit
417 1241 493 1324 nigri
505 1239 566 1314 sera
581 1242 661 1326 regia
672 1241 763 1301 Ditis.

140 1263 227 1384 rdine
241 1317 432 1402 caparaditus
448 1328 597 1401 &apertas
608 1321 841 1404 undiquepnrtas
952 1343 958 1353 ·

81 1418 117 1477 25
140 1402 219 1464 Urbs
234 1401 337 1475 babet,
350 1413 440 1483 utque
454 1398 560 1460 fretum
573 1400 607 1460 de
620 1402 682 1460 toti
695 1401 811 1459 flumina
823 1397 920 1473 terri,

140 1484 189 1544 Sic
202 1501 301 1542 omnes
315 1482 424 1540 animas
433 1477 516 1540 locus
526 1481 635 1560 accipit
647 1479 713 1554 itte,
727 1499 780 1539 nec
792 1477 845 1538 ulli

140 1563 269 1648 Exiguus
281 1562 395 1642 populo
406 1559 461 1631 est,
478 1559 625 1620 turbamve
637 1559 770 1620 accedere
782 1555 878 1618 sentit.

117 1655 123 1666 “
140 1643 242 1704 Errant
255 1659 396 1726 exangues
409 1637 465 1698 fine
480 1659 601 1720 corpore
614 1648 642 1698 δε
654 1637 756 1700 ossrbus
770 1637 874 1714 umbrae
887 1660 895 1696 :
935 1643 938 1648 '

142 1717 265 1804 Parsque
277 1716 546 1802 forumlcelebrant3
560 1740 624 1800 pars
637 1721 689 1780 imi
702 1721 779 1792 testa
790 1719 927 1802 tyranni5

81 1821 121 1884 30
141 1801 209 1864 Pars
220 1799 291 1860 alias
307 1811 396 1874 artes,
409 1801 537 1884 ,antiquae
548 1801 710 1860 imitamina
719 1799 806 1872 vitae',

111 1885 113 1888 ’
142 1881 283 1945 Exercent
291 1905 301 1956 3
317 1877 407 1943 aliam
417 1894 531 1962 partem
543 1875 591 1942 sua
605 1899 691 1961 poena
704 1885 846 1954 co'e'rcetm

147 2023 988 2133 r.-sanonumexreferd'nstprm'm,quamna-

165 2133 168 2139 '
347 2147 478 2192 mantem
496 2129 523 2192 ὃ
542 2130 669 2210 Inpnenr
684 2148 784 2196 vexere

144 2260 283 2367 Susrr
292 2321 362 2384 rtur
380 2295 422 2366 ire
434 2301 508 2365 illuc
515 2351 524 2382 ,
542 2301 650 2366 coelesti
663 2296 726 2362 sede
737 2298 835 2362 relidit
842 2327 862 2378 ,·

147 2384 298 2468 (Tantdrn
309 2383 400 2458 odiis,
411 2386 516 2468 ireque
527 2382 625 2444 dabat!
638 2382 649 2461 )
661 2381 791 2441 Saturnia
800 2378 889 2444 Jnn'o.

148 2467 219 2554 Qud
236 2466 317 2528 fimul
327 2466 465 2542 intravit,
482 2461 618 2548 sacroque
629 2464 646 2522 ὰ
658 2479 778 2542 corpore
791 2457 921 2542 pressum

147 2549 296 2634 Ingemuit
307 2545 415 2606 limen:¹
431 2547 487 2606 tria
502 2541 640 2606 Cerberus
652 2539 756 2601 extulit
769 2547 838 2612 nra,
856 2575 858 2580 ν

112 2647 126 2705 5
149 2626 190 2688 Et
202 2642 257 2689 tres
270 2629 389 2688 latratus
399 2625 483 2686 simul
494 2623 592 2690 edidit.
610 2621 665 2684 Illa
679 2617 788 2681 sorores

145 2701 244 2770 Nocte
259 2719 345 2770 vocat
358 2707 488 2791 genitas,
524 2725 590 2778 rave
602 2717 633 2766 et
646 2698 831 2784 implacabile
843 2722 961 2771 numen.

148 2784 280 2849 Carceris
294 2783 464 2858 anteferes,
508 2780 586 2847 ausas
598 2781 764 2854 adamante,
785 2776 937 2846 sedebant:

149 2865 258 2948 Deque
273 2862 328 2925 suis
340 2877 417 2926 atros
429 2864 579 2947 pestebant
592 2862 713 2925 crinibus
725 2880 843 2945 angues.

153 2943 252 3024 Quam
269 2945 351 3006 srmul
363 2955 505 3031 agnorunt
518 2947 591 3024 inter
603 2942 735 3028 caliginis
750 2939 877 3016 umbras,

97 3046 132 3088 ιο
154 3023 304 3086 surrexere
314 3025 386 3090 Deae
400 3049 407 3084 ε
421 3023 498 3087 sedes
509 3023 644 3090 scelerata
659 3035 788 3088 vocatur.
842 3047 844 3054 ,

74 3129 84 3147 ·
155 3099 275 3169 Viscera
288 3103 429 3186 prebebat
441 3099 549 3188 Tityos
560 3102 707 3176 lanianda,
723 3123 826 3164 novem
843 3099 894 3172 'nes
944 3175 947 3179 ι

153 3183 306 3266 Jugeribus
318 3183 450 3246 distentus
462 3199 541 3246 erat:
558 3185 630 3266 tibi,
648 3181 789 3258 Tantale,
805 3122 890 3242 adite

154 3261 376 3342 Deprenduntur
386 3283 466 3346 aquae
473 3287 485 3336 ;
498 3285 618 3349 quaeque
630 3264 780 3337 imminet,
789 3260 984 3346 effugitarbns.

157 3341 220 3416 Aut
230 3342 306 3434 petis
314 3387 323 3421 ,
335 3353 386 3408 aut
399 3361 482 3438 urges
492 3346 651 3421 ruiturum,
665 3339 804 3436 Sisyphe,
817 3339 926 3411 saxum«
977 3359 979 3364 ’

957 3479 960 3487 Δ
