2088 3864
1033 129 1034 156 l

184 247 241 297 ω.
331 197 897 300 neranorraro'sae

126 357 159 416 ις
183 335 271 396 Vasta
283 329 427 416 giganteis
440 324 548 410 ingesta
560 323 598 382 est
610 319 700 381 insula
711 323 844 384 membris

183 415 328 476 Trinacris
340 413 382 485 (a)
393 430 402 476 ς
415 415 443 466 &
455 407 565 488 magnis
579 399 735 479 subjeetum
748 404 874 464 molibus
885 412 971 490 urget

182 494 328 556 AErherear
340 485 438 549 ausum
449 483 560 566 sperare
572 481 716 564 Typho'e‘a
729 484 818 542 sedes·

182 575 295 636 Nititur
306 572 357 632 ille
368 565 483 652 quidem
494 606 503 643 ,
519 578 686 646 pugnatque
698 565 842 646 resurgere
855 561 929 645 [πρε
940 587 948 622 =

181 645 293 714 Deitra
304 650 349 711 sed
362 647 490 710 Ausonio
505 664 602 704 manus
618 648 658 702 ett
670 641 794 720 subjecta
811 643 938 718 Peloro,

122 739 160 802 eo
181 737 286 806 Laeva,
296 716 527 810 Pachyne,·tibi3
539 721 671 800 Lilybaeo
682 743 762 782 crura
770 739 955 804 premuntur,
1033 771 1034 794 ,

179 819 326 896 Degravat
342 811 429 872 AEtna
440 819 543 886 caput3
561 802 609 863 sub
622 805 678 886 qui
690 800 835 882 resupinus
850 825 947 864 arenas
1033 795 1034 842 l

179 899 309 975 Eiectat,
326 895 526 969 flammamque
540 885 603 944 tero
617 885 710 944 vomit
722 903 771 942 ore
785 883 956 966 Typhoeos.

180 979 262 1059 Saepe
277 972 407 1036 remoliri
419 964 678 1102 luereturcfondera
689 978 768 1024 terrae
775 1001 787 1034 ,

181 1060 212 1122 O
237 1057 359 1140 pidaque
372 1061 398 1112 &
412 1067 532 1133 magnos
562 1033 694 1106 evolvere
710 1041 831 1122 corpore
845 1057 974 1104 montes:

118 1162 156 1222 25
180 1082 245 1199 1313
260 1136 358 1197 tremit
371 1129 472 1202 tellus,
486 1135 513 1186 δι
527 1146 575 1186 rex
590 1139 677 1206 pavet
690 1121 750 1203 ipse
765 1121 899 1182 filenttim
934 1131 939 1144 ⁶

179 1210 227 1280 Ne
243 1227 359 1300 pateat,
373 1211 491 1293 latoque
503 1204 596 1266 solum
607 1217 752 1287 retegatur
764 1201 843 1264 hieru
855 1251 863 1274 ,

175 1292 377 1378 immissusque
388 1291 447 1350 dies
458 1285 632 1367 trepidantes
645 1296 747 1344 terreat
762 1283 884 1343 umbras.

85 1447 93 1452 ,
180 1381 264 1442 Hanc
274 1391 403 1438 metuens
414 1369 541 1442 cladem,
557 1365 702 1426 tenebrosl
716 1363 777 1422 sede
792 1377 928 1445 tyrannus

179 1463 313 1533 Exierat,
325 1471 463 1535 curruque
476 1461 603 1508 atrorum
614 1447 711 1506 vestus
724 1441 880 1526 equorum

121 1569 158 1630 30
180 1539 316 1604 Ambibet
326 1536 429 1596 Siculae
440 1541 537 1592 cautus
551 1525 712 1600 fundamina
726 1538 817 1584 terrae.

179 1623 331 1705 Postquam
349 1613 530 1696 exploratum
547 1603 613 1666 satis
630 1605 669 1664 est
680 1602 745 1664 loca
757 1603 836 1664 nulla
849 1603 965 1674 labare,
1033 1649 1034 1654 ,

177 1695 389 1784 Depofitusque
406 1706 499 1752 metus
512 1712 518 1746 :
530 1685 609 1749 viriet
622 1685 701 1768 hunc.
711 1683 747 1744 Er
770 1685 833 1743 cina
847 1699 1011 1768 vagantem,
1033 1669 1034 1746 1

157 1845 162 1858 ,
178 1780 282 1846 Monte
295 1777 345 1838 suo
357 1771 489 1850 refidens3
509 1757 662 1850 natumque
675 1707 808 1845 amplexa
819 1763 984 1824 volucrem:

178 1866 285 1931 Arma,
305 1855 458 1938 manusque
468 1871 556 1922 rneae,
570 1867 652 1922 mea,
666 1859 730 1906 nate
740 1885 752 1916 ,
764 1847 914 1933 potentia,
927 1845 1008 1920 dixit3
1033 1887 1034 1908 r

120 1965 155 2030 35
178 1943 249 2012 1113,
288 1938 367 1997 uibus
382 1935 494 2014 superas
507 1949 624 2002 omnes,
638 1946 708 2006 cape
719 1925 799 2001 tela,
817 1925 956 2006 (luido,
1033 1913 1034 1964 l

176 1961 335 2106 lnquel)ei
347 2017 445 2096 pectus
457 2012 562 2070 celeres
573 2007 676 2066 molire
691 2045 700 2078 ‚
713 2002 831 2090 sagittas
842 2049 864 2084 ,Ἰ
1033 2019 1034 2094 ἢ

132 2165 134 2174 .
178 2105 236 2164 Cui
253 2096 376 2178 triplicis
387 2089 464 2154 ceffit
476 2087 589 2150 fortuna
600 2083 746 2148 noviffima
758 2087 850 2168 regni.

176 2185 225 2245 Tu
237 2182 378 2260 Superos,
390 2170 542 2254 ipsumque
556 2167 675 2236 Jovem,
692 2179 724 2225 tu
736 2168 852 2225 numina
863 2169 949 2246 ponti

177 2265 266 2326 vieta
278 2259 391 2330 domam
404 2250 571 2335 ipsumque,
586 2250 663 2330 regit
677 2248 728 2332 qui
738 2247 856 2305 numina
871 2261 944 2306 terra
959 2270 965 2304 :

116 2369 156 2424 '40
176 2346 297 2414 Tartara
309 2337 378 2424 quid
390 2327 508 2407 cellaot3
525 2351 574 2392 cur
585 2349 642 2390 non
656 2323 828 2410 matrisque,
844 2339 983 2412 tuumque

10 2461 11 2468 ¹
116 2426 119 2431 ’
175 2425 333 2510 Imperium
344 2409 581 2500 proferstagitu'r
594 2428 656 2489 pars
668 2408 753 2466 tertia
765 2405 874 2467 mundi.
1033 2467 1034 2474 ἵ

175 2505 215 2572 Et
222 2523 318 2570 tamen
333 2502 363 2560 in
374 2494 449 2558 coelo
465 2493 547 2577 (quae
558 2493 616 2567 jam
626 2487 767 2569 patientia
776 2487 868 2546 nostra
884 2488 959 2565 estt)
1033 2491 1034 2552 ζ

175 2589 355 2672 spernimur,
369 2599 401 2637 ac
412 2595 524 2650 mecum
537 2573 611 2631 vires
625 2569 789 2628 minuuntur
804 2567 933 2627 Amoris.
1033 2555 1034 2614 l

174 2666 290 2732 Pallada
300 2679 392 2722 nonne
402 2655 496 2726 vides,
512 2649 701 2730 iaculatricem
724 2669 758 2707 ne
770 2647 912 2723 Dianam,

113 2765 152 2832 '45
175 2738 336 2810 Absceffitse
348 2736 436 2798 mihi?
450 2733 563 2794 Cereris
573 2749 690 2814 quoque
702 2668 777 2800 itia,
792 2728 896 2810 virgo,

113 2827 117 2835 “
174 2830 206 2890 81
217 2827 377 2909 patiemur,
393 2818 446 2876 erit
456 2837 466 2891 ;
478 2835 541 2873 narn
554 2809 616 2892 spes
630 2807 744 2868 affectat
756 2803 877 2866 easdem.

124 2963 127 2970 r
174 2911 218 2972 At
232 2921 263 2968 tu
274 2947 284 2977 ‚
298 2925 351 2985 pro
364 2897 441 2960 socio
454 2894 540 2976 siqua
551 2893 590 2952 est
603 2889 656 2949 tibi
669 2891 763 2972 gratia
778 2880 885 3024 reffino,

173 2991 191 3057 J
194 3009 267 3070 unge
279 2985 373 3044 Deam
386 2989 501 3062 patruo.
514 2973 599 3032 Dixit
608 2969 717 3032 Venus.
728 2967 782 3026 Ille
794 2990 812 3048 p
836 2982 956 3030 aretram

175 3067 288 3138 Solvit,
302 3061 461 3122 &arbitrio
478 3055 576 3116 matris
589 3050 623 3110 de
635 3048 717 3119 mille
731 3045 843 3132 sagittir

117 3169 154 3232 50
174 3153 273 3213 Unam
288 3141 314 3203 se
338 3139 427 3216 osuin
445 3135 491 3197 sed
506 3136 562 3220 qut
575 3152 626 3191 nec
641 3131 755 3190 acutior
768 3123 846 3201 ulla,

174 3231 240 3292 Nec
251 3227 343 3284 minus
357 3222 464 3279 incerta
475 3217 529 3290 est,
548 3233 599 3274 nec
611 3231 672 3294 quae
684 3211 778 3294 magis
789 3207 884 3269 audiat
895 3229 1000 3272 arcum:

175 3304 380 3390 Opposrtoque
395 3318 471 3381 genu
484 3296 614 3355 curvavit
630 3289 724 3350 flexile
737 3309 840 3362 cornu,

174 3395 263 3474 loque
277 3404 325 3446 cor
342 3379 455 3452 hamati
468 3375 601 3456 perculsit
614 3371 748 3434 arundine
758 3371 871 3432 Ditem·
1033 3371 1034 3438 ξ
