2062 3860
143 191 203 250 in
264 175 900 259 Mtrnnonnnosae

81 303 117 372 35
140 293 180 356 Et
192 294 212 356 fi
223 317 281 360 non
293 297 431 370 hominis,
468 318 533 356 uem
550 311 714 358 nontamen
727 299 809 360 edere
821 297 930 379 poffit

140 371 265 451 Cervue,
278 377 379 455 habet3
393 317 482 436 moeii
517 397 553 435 ue
565 378 660 458 replet
672 379 743 461 juga
754 394 825 438 nota
835 366 1012 476 (perdia,

140 449 181 515 Et
200 457 318 540 genibus
330 457 428 538 pronis
441 455 514 536 supp
527 477 560 516 ex
578 455 731 539 fimilisque
745 472 884 543 roganti,

140 533 314 598 Circumfert
325 533 430 598 tacitos
438 579 447 608 ,
465 553 601 632 tanquam
617 535 666 596 sua
679 537 808 612 brachia,
820 538 955 599 vultus·

139 613 183 673 At
199 617 319 684 comites
335 616 465 700 rapidum
476 613 570 677 solatis
584 615 744 677 hortatibus
756 639 865 702 agmen

77 702 118 768 J40
135 693 230 836 Ιέηιτῑ
243 697 396 778 instigant,
410 693 556 779 oculisque
567 695 705 756 Astaeona
715 713 865 781 quarum

166 787 177 833 t
189 777 269 836 velut
281 775 425 840 absentem
440 777 573 848 certatim
584 776 722 838 Auaeona
734 775 879 854 clamem

140 855 151 933 (
165 853 211 913 Ad
228 875 333 918 nornen
349 870 436 937 caput
448 855 500 916 ille
512 853 618 933 refert)
636 864 663 916 δι
675 853 982 940 abessequeruntnr,

137 933 203 1006 Nec
217 956 319 1017 capere
332 936 434 997 oblatae
447 933 560 1020 segnem
573 932 733 1016 spediacula
749 937 861 1016 praedae.

138 1011 241 1075 Vellet
253 1011 344 1076 abeffe
357 1015 474 1099 quidem
487 1038 494 1073 ε
507 1012 554 1075 sed
567 1015 642 1080 adest
654 1037 663 1092 3
676 1015 825 1099 velletque
834 1015 950 1079 videre
960 1062 982 1092 ,
1028 1041 1029 1101 r

79 1103 116 1167 '45
138 1093 208 1156 Non
221 1097 311 1155 etiarn
326 1093 429 1156 sentire
440 1115 540 1156 canum
552 1095 611 1155 fera
623 1094 697 1156 facia
712 1094 839 1157 suorum.

105 1249 109 1256 ,
139 1173 277 1258 Undique
289 1175 487 1248 circumstant,
504 1171 653 1257 mersrsque
669 1178 700 1235 in
713 1197 835 1257 corpore
847 1177 962 1236 rostris

138 1253 307 1316 Dilacerant
320 1254 381 1316 falfi
395 1255 543 1314 dominum
559 1254 607 1315 sub
620 1257 748 1340 imagine
761 1260 836 1318 cervi
850 1279 859 1316 r
884 1281 886 1286 ·

139 1335 224 1404 Nec,
237 1334 287 1396 nisr
298 1334 377 1397 finiti
410 1357 439 1396 er
452 1335 578 1416 plurima
590 1337 706 1396 vulnera
717 1336 776 1397 viti
787 1378 797 1406 ,

135 1415 184 1476 ira
194 1415 363 1500 pharetrata
390 1429 466 1477 ertur
477 1412 577 1478 satiata
588 1415 699 1476 Diana.

219 1565 283 1626 VI.
304 1565 435 1646 Tirestas
446 1586 560 1641 coecus,
577 1565 813 1627 &vatem-Echo
829 1585 908 1628 vox.
948 1549 955 1572 ⁶

140 1686 215 1789 Ru
225 1749 251 1790 rr
260 1723 280 1792 o
289 1753 309 1792 n
324 1733 354 1793 in
366 1693 502 1820 ambiguo
517 1739 556 1796 est
562 1761 572 1816 3
585 1735 650 1798 aliis
667 1735 825 1798 violentior
837 1707 947 1819 equo,

139 1803 212 1871 Visa
221 1811 287 1873 Dea
297 1815 337 1874 est
349 1838 355 1872 :
369 1813 418 1875 alii
433 1814 566 1891 laudant,
581 1817 753 1900 dignamque
764 1811 860 1877 severi

142 1884 321 1975 Virginitate
332 1910 435 1957 vocant
450 1922 457 1957 :
470 1917 532 1977 pars
548 1898 658 1958 invenit
670 1911 790 1980 utraque
803 1893 913 1958 causae.
998 1969 1004 1978 ¹

138 1967 280 2054 'Dumque
292 1995 325 2033 ea
337 1995 391 2057 per
404 1975 583 2041 terrasafntaii
593 1978 660 2062 lege
673 1991 825 2060 geruntur,

65 2073 69 2088 ·
105 2067 119 2126 5
142 2045 167 2107 F
168 2049 231 2112 ortd
242 2050 348 2116 Jovem
360 2057 521 2117 memorant
532 2055 664 2116 diffusum
677 2058 805 2127 nediare,
823 2077 906 2117 curas

141 2126 303 2209 Seposniffe
316 2155 433 2218 graves,
443 2139 589 2220 vacuique
603 2159 619 2198 a
641 2131 721 2197 itaise
733 2131 863 2196 remitios

67 2243 73 2251 ·
144 2207 222 2269 Curn
235 2210 347 2275 Junone
358 2216 448 2292 jocos.
462 2217 596 2291 Placuit,
610 2157 748 2277 [intentio
761 2237 823 2300 quae
837 2215 885 2291 srt,

143 2286 297 2368 Quaerere,
315 2294 440 2356 Tirefiae.
452 2296 541 2361 Judex
557 2297 593 2356 de
604 2295 657 2356 lite
669 2297 785 2372 jocosi,

137 2369 228 2432 Dicta
242 2371 325 2438 Jovis
339 2374 442 2438 firmat.
461 2375 586 2439 Graviris
601 2377 732 2436 Saturnia
744 2378 840 2452 justo,

84 2467 121 2511 to
141 2449 208 2513 Nec
219 2475 273 2536 pro
285 2458 420 2529 materid,
433 2457 522 2518 fertur
534 2450 654 2516 doluiffe
667 2499 675 2528 ‚
694 2454 794 2539 suique

141 2530 250 2598 Judicis
267 2539 368 2598 aeternd
382 2538 526 2614 damnavit
540 2537 650 2596 lumina
663 2538 757 2598 nodie.

140 2613 988 2702 AtPateromniporens(nequeenimlicetirritacquua'uu

142 2689 231 2750 Paua
241 2695 319 2768 Dei,
334 2693 428 2758 fecisse
442 2697 532 2774 Deo)
545 2718 598 2777 pro
611 2697 719 2757 lumine
730 2696 867 2780 adempto

143 2768 222 2828 Scire
235 2769 331 2846 futura
341 2776 438 2852 dedit,
455 2797 629 2860 poenamque
640 2776 750 2840 levavit
762 2778 882 2844 honore.

84 2863 121 2919 ,ις
143 2849 198 2909 Ille
210 2871 263 2930 per
274 2855 384 2916 Aonias
397 2855 474 2920 fami
488 2854 688 2918 celeberrimus
702 2858 804 2929 urbes,
895 2891 899 2900 ·

52 2953 55 2960 ⁴
143 2929 337 3009 irreprehenia
351 2936 433 2998 dabat
449 2937 564 3018 populo
581 2935 849 3018 responsa-petenti.

143 3007 241 3068 Prima
253 3008 323 3089 fide,
341 3014 476 3102 vocisque
490 3018 577 3093 data,
593 3023 749 3079 tentamina
761 3015 879 3098 sumpsit

141 3087 266 3150 Pulcher
283 3092 427 3158 Narciffris
445 3122 451 3156 :
474 3095 507 3158 de
520 3095 753 3182 quo'consultus,
768 3121 801 3158 an
813 3093 884 3160 effet

143 3168 293 3249 Tempora
306 3190 422 3238 matura
433 3176 539 3238 visurus
553 3181 642 3262 longa
656 3174 791 3249 forestae,-

81 3263 124 3312 ιθ
141 3246 288 3339 fatidicus
300 3269 398 3316 vates:
415 3255 447 3318 Si
461 3255 488 3316 se
501 3279 558 3318 non
571 3259 702 3330 noverit,
720 3261 751 3318 in
773 3260 828 3320 uit.

144 3325 169 3392 t
177 3347 228 3392 ana
240 3328 288 3394 diu
303 3331 362 3399 visa
375 3335 413 3398 est
426 3357 482 3398 vox
494 3339 609 3426 auguris
622 3362 629 3401 t
645 3337 739 3404 extus
751 3341 761 3402 i
788 3359 837 3402 aut
