2062 3860
160 156 197 224 s4
269 117 901 218 usrnnoaa'uosns

167 251 262 337 Ergo,
283 254 330 311 ubi
345 251 484 311 vaticinos
496 271 583 312 conce
607 255 630 311 it
645 269 740 314 mente
754 254 883 334 furores,

168 333 351 428 incaluitque
362 331 447 400 Deo,
466 351 552 414 queur
570 275 697 392 cinusurn
714 337 835 414 pedicare
847 335 995 413 habebat,

111 429 146 474 ro
169 409 283 495 Aspicit
297 409 452 474 infantem:
466 413 582 494 totique
595 409 727 472 salutifer
739 415 820 490 orbi,

167 491 282 564 Caesa,
294 511 380 572 puer,
396 490 466 552 dixit
477 515 486 564 ¹:
500 493 551 552 tibi
566 487 594 551 se
608 493 747 554 nanrtalia
765 491 840 577 saepe

169 573 301 654 Corpora
313 571 469 632 debebunt:
481 575 589 632 animas
604 573 656 632 tibi
675 572 789 636 reddere
802 574 959 657 ademptas.

166 651 222 716 Fas
234 654 304 712 erit:
318 652 403 736 idque
418 649 508 711 semei
520 653 574 714 Dis
592 651 804 736 indignantibus
822 653 927 730 ausus,

166 726 249 794 Poffe
261 731 325 792 dare
333 731 389 794 hoc
400 733 507 792 iterum
520 733 635 800 flammi·
645 733 941 815 prohibebere-avitia

109 827 142 884 15
165 801 247 898 Eque
260 813 328 873 Deo
345 834 448 894 corpus
464 812 512 873 fies
526 833 669 896 exangue,
688 810 825 898 Deusque
833 853 844 886 ,

167 895 227 973 Qui
241 892 326 954 rnodd
340 913 445 976 corpus
459 893 532 971 er'as;
546 901 573 954 ὃ(
590 893 631 952 bis
649 907 698 952 tua
709 892 768 954 fata
783 894 914 962 novabis.

163 973 213 1036 Tu
226 993 360 1057 qunque,
379 991 443 1035 care
458 988 558 1055 pater,
571 993 629 1032 non
642 975 703 1047 jam
713 973 860 1049 mortalis,
873 984 902 1035 δι
911 980 978 1039 avis

67 1105 70 1113 .
167 1053 311 1118 Omnibus
324 1069 357 1114 ut
367 1074 498 1123 manas,
513 1050 640 1112 nascendi
655 1053 722 1136 lege
737 1070 866 1130 creatus,

166 1128 249 1196 Posse
265 1136 338 1195 mori
355 1136 455 1216 cupies
467 1147 545 1199 tunr.
564 1153 632 1192 cum
642 1130 803 1194 cruciabere'
815 1133 881 1194 dirae

107 1233 144 1272 20
166 1213 309 1298 Sanguine
321 1209 458 1295 serpentis
471 1235 522 1293 per
537 1210 632 1272 saucia
648 1214 774 1274 membra
790 1229 930 1296 recepto:

165 1293 269 1379 Teque
282 1315 316 1354 ex
331 1309 436 1354 aeterno
474 1295 612 1354 atientem
629 1294 744 1352 nurnina
758 1295 862 1354 mortis

165 1375 300 1436 Efficient
312 1398 319 1433 :
332 1315 518 1471 triplieedque
532 1375 608 1434 Deae-
616 1387 666 1433 tua
682 1371 730 1432 fila
742 1369 899 1435 resolvent.
1007 1371 1008 1450 J

166 1455 298 1517 Restabat
310 1455 377 1516 fatis
394 1451 521 1537 aliquad3
539 1449 658 1534 suspirat
672 1452 785 1512 abimis
891 1491 895 1496 ·
1007 1465 1008 1540 1

165 1536 347 1607 Pedioribus,
362 1535 555 1616 lacrymoquae
570 1534 653 1616 genis
666 1531 799 1596 labuntur
812 1530 941 1610 obortae,

107 1631 142 1687 25
166 1617 264 1698 Atque
278 1617 333 1684 ita,
346 1615 539 1688 Praevertunt,
557 1613 670 1694 iuquit,
691 1634 737 1672 me
752 1612 830 1688 fata,
844 1629 985 1697 vetorque

167 1694 253 1756 Plura
266 1691 365 1776 loqui,
380 1688 516 1776 vocisque
532 1713 604 1752 meae
613 1689 798 1773 praecluditur
811 1691 885 1754 usus.

163 1774 234 1840 Non
250 1771 361 1834 fuerant
377 1774 556 1847 attestanti,
570 1793 633 1856 quae
647 1774 771 1832 numinis
783 1774 862 1833 iram·

166 1857 339 1919 Contraxere
354 1853 445 1916 mihi:
460 1851 578 1914 mallem
593 1847 706 1912 neseiffe
721 1852 827 1914 futura.

159 1933 227 2000 'Jarn
241 1933 312 1994 nsihi
328 1933 442 1996 subduci
456 1931 550 1997 facies,
559 1933 681 1993 humana
693 1932 826 1993 vitietur:
869 2000 872 2005 ⁴

100 2029 142 2089 3⁰
163 2015 226 2080 Jarn
241 2014 319 2073 cibus
336 2013 421 2074 herba
438 2013 554 2095 placet,
569 2015 626 2089 jam
639 2011 705 2072 iaris
717 2033 827 2073 currere
842 2014 952 2094 campis

72 2133 75 2139 ·
162 2097 292 2176 impetus
307 2093 364 2152 est:
378 2095 408 2154 in
422 2115 543 2179 equam,
559 2115 597 2155 ,eo
621 2107 743 2177 nataque
756 2095 890 2172 pediora,
902 2101 1008 2166 vertorq'

161 2176 243 2236 Tota
255 2189 350 2235 tamen
364 2191 469 2258 quare?
506 2188 565 2235 ater
577 2113 619 2234 ed
630 2175 702 2233 mihi
715 2195 820 2254 nempe
832 2170 978 2234 biformis.
1007 2173 1008 2210 i

163 2253 367 2316 Talia'dieenti
380 2275 442 2336 pars
458 2197 503 2314 ed
510 2269 636 2316 extrema
649 2255 773 2338 querelae

160 2334 311 2400 Intellecta
325 2337 442 2416 partina,
456 2331 629 2417 confusaque
642 2333 729 2394 verba
743 2333 870 2394 fuerunt.
884 2331 888 2339 “

97 2433 135 2493 35
162 2417 231 2478 Mor
244 2438 296 2478 nec
309 2415 394 2490 verba
406 2415 543 2500 quidemr
554 2435 606 2476 nec
621 2435 703 2498 equae
715 2412 798 2474 sdnus
812 2412 864 2475 ille
876 2413 1000 2482 videtur,

159 2498 214 2562 Sed
229 2497 385 2560 simulantis
398 2517 521 2580 equam,
539 2513 686 2578 paruoque
703 2496 881 2575 intempore
897 2509 986 2556 certos
1007 2537 1008 2596 t

156 2579 256 2640 Edidit
272 2580 413 2651 hinnitus,
426 2576 580 2638 &brachia
593 2576 688 2635 movit
699 2578 728 2635 in
741 2573 851 2652 herbas.

160 2655 240 2717 Tum
260 2658 347 2743 digiti
362 2665 489 2732 co‘e'unt3
503 2661 530 2716 dr
545 2657 648 2741 quinos
662 2654 765 2796 aiii‘gat
777 2675 890 2740 ungues

717 2739 794 2796 cit&
811 2738 886 2812 oriS,

129 2756 132 2764 ’
160 2735 311 2818 Perpetuo
319 2757 409 2798 cornu
424 2736 499 2796 levis
514 2735 623 2822 ungula
635 2761 642 2796 r
656 2757 702 2802 cre

98 2838 136 2888 ⁴⁰
158 2816 197 2877 Er
212 2815 283 2876 colii
298 2814 423 2899 spatium
437 2840 443 2874 :
455 2815 550 2901 longae
559 2834 633 2896 ¹pars,
643 2817 768 2876 maxima
780 2814 865 2898 pallae

159 2893 256 2956 Gauda
270 2896 315 2974 fit3
330 2911 420 2994 utque
435 2898 502 2982 vagi
513 2899 603 2957 crines
616 2918 667 2978 per
679 2897 757 2958 colia
768 2895 916 2972 jacebant,
1007 2889 1008 2984 i

158 2979 191 3036 In
201 2974 309 3039 dextras
324 2979 420 3039 abiere
433 2976 529 3056 jubas,
545 2979 710 3063 pariterque
724 2991 829 3037 novata
844 2977 885 3036 est
1007 2987 1008 3046 t

156 3056 194 3120 Et
205 3076 260 3120 vox
279 3056 423 3122 &faciest
435 3079 668 3143 nomenquoque
681 3059 803 3120 monstra
814 3055 1008 3129 dederunrtnt
