2030 3854
156 130 218 220 xa
273 117 896 213 mtrauournosrs

148 247 205 308 Cor
229 259 308 326 esat,
324 256 351 308 δι
363 247 466 310 virides
478 246 629 334 aspergine
640 253 764 314 tinxerat
772 252 875 314 herbas
887 275 894 308 :

148 269 279 390 sedleve
291 326 390 390 vulnus
404 342 485 405 erat,
501 332 571 412 quia
584 326 612 391 se
625 331 787 394 retrahebat
800 333 836 391 ab
846 333 923 408 ittnj

149 405 285 491 Laesaque
298 407 375 469 colla
387 407 468 471 dabat
477 424 572 488 retro,
585 410 764 550 plagamgne
776 410 874 472 sedere

90 488 131 558 4ο
153 487 288 548 Cedendo
301 489 430 564 arcebat,
448 509 500 549 nec
511 489 560 548 lon
583 493 688 551 luntre
710 491 816 552 ruebat.

151 568 254 628 Donec
265 568 444 652 Agenorides
459 570 541 646 eonje
572 590 620 629 um
632 571 664 629 in
681 585 801 654 guttura
818 567 922 628 ie'rrntn

151 642 203 707 Us
219 668 253 706 ue
267 644 386 731 sequens
399 648 512 730 pressu,
526 649 592 708 dum
605 663 682 709 retro
721 672 821 724 uercns
832 650 910 714 eunti

151 668 293 802 obiitne,
307 736 335 788 δι
348 728 405 788 fixa
417 730 455 789 eli
465 730 573 808 pariter
590 751 655 789 eum
668 672 772 790 rolore
783 731 891 790 cervix.

150 805 281 866 Pondere
297 804 339 868 ser
362 810 434 884 entis
447 822 563 870 curvata
575 811 614 866 est
623 809 725 870 arbor:
739 819 766 868 &
779 813 848 868 imae

91 903 127 959 45
151 885 235 946 Parte
251 829 390 970 flagelliri
407 889 519 972 gemuit
531 885 580 947 sua
591 889 692 948 robora
704 877 813 951 cautla:

150 965 231 1026 Dum
245 964 370 1046 spatium
382 969 477 1030 victor
489 968 559 1030 vicli
576 966 730 1028 confiderat
742 967 850 1045 hostis,

152 1044 220 1106 Vox
231 1043 323 1107 subito
334 1045 431 1110 audita
444 1049 483 1107 est
495 1070 502 1105 r
515 1069 608 1132 neque
623 1061 682 1108 erat
691 1047 866 1132 cognoscere
875 1063 970 1129 promp-

253 1140 316 1186 tum

130 1203 241 1267 -Unde
262 1228 269 1264 :
288 1203 335 1265 sed
355 1203 454 1267 audita
470 1210 531 1268 est:
550 1205 649 1286 Quid,
672 1207 812 1291 Agenore
833 1219 914 1283 nate,
930 1224 970 1285 pt·

253 1305 313 1348 rem
338 1298 400 1347 tum

153 1307 467 1448 Serpentempspeiiast
485 1373 512 1426 ὅτ
525 1377 558 1428 tu
569 1362 729 1448 spesiabere
741 1364 863 1447 serpens.

96 1457 133 1519 5'0
155 1443 209 1506 Ille
223 1447 271 1506 diu
284 1445 403 1527 pavidus
439 1448 522 1508 ariter
534 1467 599 1506 cum
611 1458 707 1506 mente
718 1445 851 1506 colorem

154 1525 332 1602 Perdiderat,
349 1468 507 1611 gellioqne
521 1546 610 1586 eomae
623 1525 883 1609 terrorerigebant.

204 1671 274 1731 III.
288 1671 450 1734 Draconis
466 1673 570 1734 demes
584 1674 618 1733 in
632 1674 797 1736 exercitum
815 1669 932 1732 murari

154 1791 272 1902 Ecca
288 1845 342 1904 viri
360 1842 464 1904 fautrix
477 1839 590 1926 superas
605 1837 719 1922 delapsa
731 1860 783 1921 per
796 1859 874 1900 auras

156 1917 250 1978 Pallas
265 1923 339 1986 adest
350 1961 359 1996 ‚
372 1937 517 2006 motaque
529 1923 608 1999 jubet
622 1919 782 2002 supponere
793 1932 869 1991 terrae

156 1993 301 2077 Vipereos
315 1999 429 2076 dentes,
435 2003 551 2140 populi
566 2004 739 2062 incrementa
752 1997 851 2060 futuri.

156 2071 262 2153 Paret,
279 2086 322 2152 &,
339 2092 371 2138 ut
382 2101 432 2158 pre
459 2103 476 2139 o
492 2082 601 2142 sulcum
612 2079 750 2162 patefecit
762 2090 872 2151 aratro,

117 2177 135 2236 5
154 2155 273 2241 Spargit
289 2157 370 2218 humi
385 2155 490 2236 jussos,
506 2159 640 2228 mortalia
655 2158 771 2230 semina,
787 2158 889 2218 dentes.

158 2235 224 2296 Inde
238 2236 309 2317 (fide
322 2241 430 2318 majus)
450 2241 541 2325 gleba
553 2261 667 2321 coepere
681 2239 808 2299 moveri:

160 2317 314 2404 anaque
324 2319 359 2378 de
370 2317 456 2381 sulcis
467 2322 538 2382 acies
551 2321 684 2402 apparuit
693 2319 792 2395 hastae;

158 2397 307 2485 Tegmina
319 2421 386 2461 mox
397 2403 525 2484 capitum
537 2403 618 2483 pisto
629 2401 758 2460 nutantia
768 2415 854 2458 cono:
907 2469 910 2471 ,

159 2478 230 2540 Mox
244 2483 374 2559 humeri,
389 2479 494 2563 pectus
509 2501 564 2554 ue,
582 2493 755 2563 onerataque
765 2477 872 2538 brachia
883 2477 940 2538 telis

102 2579 139 2616 ro
160 2559 308 2638 Existunt,
325 2560 481 2646 crescitque
488 2503 574 2645 seges
592 2560 726 2643 clypeata
739 2559 871 2620 virorum.

160 2638 226 2712 Sic,
242 2643 289 2700 ubi
302 2641 444 2702 tolluntur
456 2639 530 2700 festis
541 2640 630 2700 aulaea
641 2639 776 2708 theatris,
894 2647 898 2658 ’

160 2715 283 2799 Surgere
295 2718 371 2803 figna
383 2718 492 2796 solent,
509 2721 694 2806 primumque
708 2715 845 2778 ostendere
858 2715 953 2790 vultus,

161 2794 274 2856 Caetera
290 2801 447 2880 paulatim,
463 2799 637 2881 placidoque
649 2800 748 2860 educta
758 2813 854 2858 tenore

158 2873 242 2934 Tota
257 2893 374 2958 patent,
390 2883 509 2962 imoque
524 2877 610 2959 pedes
624 2882 653 2940 in
667 2881 796 2961 margine
806 2889 913 2957 ponunt.

95 2971 137 3030 ,ις
161 2952 293 3016 Territus
302 2958 383 3020 hoste
400 2983 477 3023 novo
491 2959 615 3020 Cadmus
625 2962 726 3040 capere
738 2977 815 3016 arma
824 2957 935 3036 parabat:

162 3033 210 3094 Ne
221 3055 291 3116 cape
303 3077 312 3112 ,
333 3039 366 3097 de
378 3040 513 3120 populo,
531 3059 618 3122 quem
632 3053 708 3098 terra
720 3049 873 3112 creaverat,
887 3054 945 3096 uuus

162 3113 331 3190 Exclamat,
344 3132 435 3178 necte
447 3119 579 3182 civilibus
590 3113 680 3178 insere
691 3115 783 3176 bellis.
905 3177 908 3184 ,

163 3195 315 3279 arquetta
328 3197 395 3257 terri
419 3201 480 3258 enis
494 3197 589 3280 rigido
601 3198 635 3255 de
646 3195 779 3257 tratribus
792 3215 869 3254 unum

165 3275 308 3341 Cominus
319 3271 381 3338 ense
393 3217 460 3336 serit
472 3297 479 3331 ε
492 3277 594 3352 jaculo
606 3273 682 3336 eadit
694 3276 804 3338 eminus
815 3271 876 3355 ipse.
