2030 3854
126 183 183 226 tto
246 113 874 231 ntr'nnonrnossss

66 281 100 340 ις
125 267 196 352 igne
206 265 266 329 levi
276 287 363 342 cerae,
375 268 581 349 matutinaeque
592 268 701 346 pruinae

122 345 192 408 Sole
202 361 318 430 tepente
333 342 427 407 solent
438 368 444 403 :
454 343 489 406 fic
499 359 664 408 attenuatus
674 366 775 406 amore

122 425 259 511 Liquitur
272 436 299 487 &
314 428 391 488 testo
407 426 548 505 paulatim
565 427 691 506 carpitur
700 429 780 510 igni.

125 505 163 566 Et
176 527 270 604 neque
283 509 340 584 jam
355 503 436 566 color
448 505 486 564 eti
498 505 580 564 misto
591 506 712 565 candore
727 505 824 564 rubori
841 525 852 561 ε

124 583 189 647 Nec
203 607 303 671 vigor,
315 594 341 644 δι
358 587 448 659 vires,
465 591 492 642 &
502 604 565 666 quae
581 584 666 643 model
678 581 737 645 visa
752 584 939 665 placebant;

61 685 102 726 ao
122 664 170 725 Ne
183 686 285 746 corpus
300 678 443 735 remanet,
456 663 599 753 quondam
619 664 696 748 quod
710 677 864 746 amaverat
882 662 967 722 Echo.

122 744 197 824 Quat
212 759 307 806 tamen
325 758 357 805 ut
370 742 442 804 vidit
455 766 462 800 :
475 745 605 826 quamvis
617 745 705 816 irata,
725 763 928 826 memorque,

123 822 267 902 Indoluit3
285 820 456 907 quotiesque
469 843 540 902 puer
554 820 736 897 miserabilis,
755 825 849 882 elien!

125 903 267 965 Dixerat?
279 903 338 964 haec
350 899 457 962 resonis
469 901 591 962 iterabat
605 903 741 977 vocibus,
756 903 834 962 eheu
846 911 857 961 t

122 981 257 1068 Ctlmque
269 980 334 1044 suos
345 981 480 1042 manibus·
512 977 661 1042 ercufferat
674 981 726 1042 ille
741 981 895 1052 lacertos,

61 1079 97 1137 ις
121 1061 193 1123 Haec
210 1083 326 1147 quoque
339 1061 467 1120 reddebat
493 1063 605 1122 onitum
622 1060 769 1146 plangoris
781 1065 941 1120 eumdem·

120 1142 238 1203 Ultima
254 1165 310 1202 vox
325 1137 442 1200 solitam
456 1139 512 1200 fuit
525 1141 583 1201 haec
601 1137 753 1222 speslantis
768 1143 798 1200 in
810 1139 948 1208 undam,

121 1221 191 1282 Heu
203 1220 301 1280 feustri
313 1220 416 1280 dilecte
433 1231 518 1300 puer!
533 1219 713 1304 totidemque
724 1219 830 1280 remifit

122 1301 219 1364 Verba
232 1301 325 1374 locus,
342 1299 418 1358 disto
443 1321 475 1358 ue
491 1302 573 1374 vale,
586 1300 649 1361 vale
659 1301 757 1384 inquit
774 1309 803 1360 δι
814 1300 922 1361 Echo.
1012 1318 1013 1325 ¹

122 1380 177 1442 llle
192 1397 280 1463 caput
290 1379 373 1443 viridi
385 1321 486 1440 sellum
500 1377 638 1440 summisit
652 1383 682 1439 in
696 1379 780 1438 herisi
791 1393 809 1438 ε·

62 1473 102 1542 '30
124 1461 250 1528 Lumina
262 1483 337 1522 mors
349 1459 446 1520 elausit
457 1505 465 1532 ,
477 1457 586 1518 domini
600 1462 732 1519 mirantia
744 1458 876 1519 formam
887 1481 899 1538 ,·

121 1543 201 1602 Tum
214 1563 331 1626 quoque
340 1538 386 1616 se,
403 1541 553 1621 postquam
566 1541 605 1598 est
619 1538 728 1598 inferna
737 1536 801 1599 sede
813 1551 970 1622 receptus,

107 1623 156 1698 ‚ln
169 1621 204 1681 'St
219 1625 278 1704 tgii
291 1619 433 1701 spectabat
445 1619 531 1700 aqut.
544 1616 682 1678 Planxere
693 1615 802 1678 sorores
945 1633 949 1636 '

121 1643 260 1770 Natales,
280 1708 306 1758 &
317 1697 407 1759 sectos
419 1697 499 1758 fratri
513 1694 676 1778 imposuere
689 1697 812 1779 capillos
823 1721 837 1760 :.
1011 1683 1013 1719 l

122 1778 297 1839 Planxetunt
310 1779 454 1860 Dryades:
491 1778 669 1860 iungentibus
679 1773 787 1840 assonat
801 1777 900 1839 Echo.
1009 1796 1014 1895 p

65 1857 246 1996 35'Jamqube
264 1880 384 1944 rogum,
405 1799 568 1942 quassasque
582 1857 655 1918 faces
672 1855 869 1940 feretrumque
876 1875 966 1952 part·

242 1955 306 1998 ant:
701 1969 703 1972 -

122 2017 155 2076 N
158 2013 273 2112 usquam
287 2035 390 2154 corpus
403 2030 479 2089 erat,
490 2038 623 2078 croceum
638 2039 690 2100 pro
709 2039 830 2156 corpore
845 2005 951 2078 slosem
1010 1988 1014 2097 l

99 2102 101 2107 '
123 2097 290 2170 inveniunt,
307 2094 338 2154 fo
353 2097 388 2154 iis
407 2096 533 2156 medium
549 2098 728 2182 cingentibus
741 2119 757 2158 a
769 2099 824 2179 bis.

267 2241 330 2302 IX.
349 2243 494 2305 Bacchus
507 2244 529 2304 ri
546 2245 681 2306 Pentheo
685 2245 823 2328 spretas.

127 2365 315 2476 Coonrrn
331 2433 373 2472 tes
394 2417 524 2475 meritam
539 2417 599 2476 vati
613 2435 665 2496 per
682 2412 822 2476 Achaidas
837 2401 925 2477 urbes
1012 2420 1013 2437 ¹

126 2491 276 2558 Attulerat
289 2495 410 2564 famam,
423 2517 585 2578 nomenque
603 2510 665 2554 erat
676 2496 790 2579 auguris
803 2495 920 2578 ingens.

125 2573 241 2653 Spernit
254 2573 477 2651 Echionides(1)
492 2589 588 2635 tannen
598 2573 673 2652 hunc
688 2596 722 2634 ex
734 2573 864 2634 omnibus
881 2594 964 2644 unus,

126 2653 321 2734 contemptor
333 2654 474 2733 Superum
486 2655 643 2728 Pentheus,
661 2651 845 2738 praesagaque
861 2657 939 2715 ridet

83 2745 103 2808 Ις
125 2729 222 2790 Verba
238 2730 326 2806 senis,
341 2730 540 2815 tenebrasque,
556 2743 582 2793 &
596 2734 705 2794 cladem
717 2735 788 2795 lucis
805 2733 950 2818 adempta

75 2841 80 2844 ·
126 2807 251 2884 Objicit.
269 2812 326 2872 Ille
340 2834 457 2873 movens
474 2812 598 2872 albentia
611 2829 743 2896 tempora
759 2815 856 2892 canis3

126 2887 225 2967 Qulm
242 2889 312 2950 felix
325 2888 410 2968 effes,
426 2891 444 2951 s1
462 2905 494 2952 tu
507 2913 623 2976 quoque
635 2884 753 2954 luminis
765 2893 850 2969 hujus

127 2965 239 3040 Orbus,
255 2973 297 3030 ait
307 3014 315 3041 ,
327 2971 422 3045 fieres,
437 2995 489 3035 nee
498 2974 635 3036 Bacchica
647 2970 722 3034 sacra
730 2973 856 3035 videres!

125 3047 261 3130 Namque
270 3048 328 3109 dies
337 3050 444 3122 aderit,
457 3075 543 3136 qnam
554 3075 610 3113 non
644 3054 724 3114 nocui
734 3073 862 3138 auguror
871 3049 947 3134 effe,

65 3145 103 3191 ιο
126 3127 194 3206 Qua
212 3148 302 3188 novus
314 3128 369 3187 hur
384 3135 497 3207 veniet,
512 3133 607 3214 proles
619 3076 779 3206 lenden,
796 3133 903 3196 Liber:

126 3207 224 3286 Quem
236 3206 288 3283 nist
298 3207 474 3286 templorum
492 3213 579 3273 suetis
593 3213 724 3297 dignatus
739 3209 868 3289 honore,

126 3285 813 3378 Miflelacerspargerelosinstsngutnefilvas
