2088 3864
162 91 905 218 ratusrauoaeuosas

153 235 258 300 Poscit
269 261 372 322 opem,
391 236 560 322 credensque
570 238 672 318 partlm
684 237 733 298 fibi
745 283 752 309 ,
767 242 904 320 proxima
914 243 1017 326 tangit

123 335 139 396 ς
162 319 311 402 Corpora3
323 340 446 378 marmor
455 333 543 378 erant.
556 319 707 394 Avertitur
716 323 873 402 ‚atqueita
884 319 1008 404 supplex

163 395 365 494 Confessasque
384 419 482 458 marrus
500 399 675 481 obliquaque
686 399 799 460 brachia
812 401 950 472 tendens,
1028 433 1029 454 r

162 479 282 550 Vincis,
298 495 340 538 art
353 525 361 549 ,
372 477 473 540 Perseo
486 501 495 556 3
513 498 628 538 remoue
646 493 695 540 tua
708 483 846 552 monstra,
863 491 978 566 tuaeque
1028 509 1029 566 1

160 559 296 619 Saxificos
311 559 423 632 uultus,
436 579 622 642 quacumque
638 579 689 636 ea,
704 558 777 618 tolle
790 559 936 633 Medusa,
1028 569 1029 584 ¹

162 637 271 710 Tolle,
285 659 387 720 precor
401 663 407 697 :
422 661 479 698 non
495 623 546 697 noi
560 637 676 709 odium,
695 643 814 722 regnive
828 639 938 724 cupido

105 737 141 796 to
164 717 322 800 Compulit
334 719 368 780 ad
379 717 504 793 bellum,
519 740 572 800 pro
584 719 708 802 conjuge
719 723 867 780 movimus
877 732 968 782 arma.

163 797 258 860 Causa
268 798 324 859 suit
339 802 448 860 meritis
462 801 568 860 melior
581 813 647 871 tua,
662 813 795 880 tempore
808 803 919 862 nostra:
1028 789 1029 878 l

162 880 192 940 N
196 901 235 938 ou
250 875 355 946 ceffilse
366 882 469 964 piget:
487 879 574 952 nihil,
591 877 786 950 dsortilsrme,
803 896 910 960 prreter

162 959 248 1020 Hanc
264 962 405 1031 animam,
421 959 543 1020 concede
559 957 647 1036 mihi;
661 973 710 1025 tua
724 975 825 1022 caetera
837 962 933 1022 sunto.
1028 953 1029 1034 1

162 1035 250 1100 Talia
264 1040 385 1111 dicenti,
399 1061 490 1124 neque
506 1055 587 1113 eum,
602 1058 688 1120 quem
701 1061 773 1099 voce
785 1043 926 1124 rogabat,
1028 1049 1029 1064 ¹

105 1136 139 1194 ις
164 1119 315 1200 Respicere
327 1119 454 1186 audenti,
472 1117 577 1196 Quod,
591 1121 631 1178 ait
645 1164 653 1192 ‚
669 1118 843 1180 timidiffime
857 1119 968 1183 Phineu
976 1169 989 1196 ,.
1028 1143 1029 1180 r

164 1200 202 1260 Er
215 1194 328 1280 possum
347 1195 495 1271 tribuisse,
508 1207 535 1258 &
551 1221 596 1258 ma
619 1201 738 1258 numest
754 1222 855 1261 munus
867 1203 974 1274 inerti,
1028 1203 1029 1280 1

161 1279 241 1341 Pone
256 1293 381 1355 metum,
398 1279 538 1353 tribuam3
552 1219 632 1338 nulio
644 1277 789 1339 violabere
802 1279 897 1340 serro:
1028 1285 1029 1292 ’

163 1361 245 1440 Quin
261 1363 349 1420 etiam
365 1357 491 1420 mansura
505 1358 576 1418 dabo
591 1373 776 1419 monumenta
787 1379 841 1440 per
854 1382 966 1440 avum,
1028 1375 1029 1440 1

68 1508 73 1515 ,
154 1441 255 1524 ,Inque
269 1440 355 1500 domo
372 1439 462 1500 soceri
475 1437 587 1522 semper
603 1437 763 1518 spectabere
775 1441 877 1515 nostri,
1028 1451 1029 1516 1

106 1543 144 1584 zo
154 1521 213 1596 „Ut
226 1543 290 1582 mea
302 1521 329 1582 se
342 1519 443 1603 Sponfi
455 1519 562 1578 soletur
574 1521 701 1602 imagine
713 1521 827 1596 conjux.
1028 1517 1029 1602 1

164 1602 305 1672 Dixin&
322 1603 351 1660 in
368 1599 479 1683 partem
493 1597 675 1680 Phorcynida
692 1599 954 1676 transtulituillam,
1028 1603 1029 1676 1

150 1680 210 1740 =Ad
222 1701 309 1763 quam
322 1678 350 1740 se
363 1679 476 1762 trepido
492 1679 615 1739 Phineus
629 1679 790 1740 obverterat
802 1701 864 1740 ore.
1028 1679 1029 1682 ’

162 1760 242 1820 Tum
255 1781 372 1844 quoque
386 1761 500 1823 conanti
511 1757 559 1818 sua
573 1759 684 1818 desiere
697 1757 808 1819 lumina
818 1761 915 1822 cervix

161 1839 314 1924 D'iriguit,
328 1839 451 1923 saxoque
464 1839 613 1900 oculorum
625 1837 750 1906 induruit
761 1839 874 1900 humor.

96 1914 1003 2004 .25,'Sedtamenostiaridum‚vultusqueinmarmore'supplex,
1028 1955 1029 1990 2

163 1996 368 2081 Submissaeque
382 2020 499 2072 manus,
518 1996 662 2082 faciesque
680 1999 803 2061 obnoxia
817 1999 926 2062 mansit.
962 1997 965 2002 ¹
1028 2009 1029 2080 ᾗ

161 2079 267 2140 Victor
281 2077 453 2138 Abantiades
466 2080 575 2159 patrios
589 2100 654 2138 cum
668 2081 792 2164 conjuge
806 2102 903 2141 muros

152 2161 269 2231 'Intrat,¹
287 2167 314 2217 ὃ(
328 2160 468 2218 immeriti
480 2157 580 2220 vindex
595 2158 729 2242 ultorque
741 2163 884 2241 parentis,

15 2312 30 2328 f
161 2237 340 2324 Aggreditur
354 2239 576 2316 Proetum3nam
590 2237 674 2298 fratre
687 2261 826 2321 perarma
839 2239 967 2325 fugato,

104 2343 145 2403 3ο
162 2318 338 2381 Acrisioneas
353 2319 466 2380 Proetus
480 2314 640 2400 pbssederat
655 2339 742 2380 arces.
1028 2335 1029 2392 1

162 2401 217 2462 Sed
236 2423 287 2462 nec
308 2423 368 2482 opo
388 2420 552 2472 armorum,
583 2405 638 2460 'nec
659 2401 745 2481 quam
770 2399 846 2460 male
863 2411 997 2482 ceperat,
1028 2421 1029 2486 1

262 2503 325 2542 arce
663 2521 667 2535 r

160 2563 261 2624 Torva
271 2558 435 2622 colubriferi
449 2554 593 2642 superavit
605 2556 713 2617 lumina
726 2555 852 2619 monstri.

160 2643 206 2702 Te
222 2658 333 2715 tamen,
348 2641 470 2720 bparvae
482 2642 573 2700 redlor
585 2637 742 2720 Polydedla
757 2636 871 2719 Seriphi
882 2683 894 2712 ‚.

162 2721 226 2780 Nec
241 2724 350 2798 juvenis
364 2723 468 2793 virtus,
485 2741 536 2800 per
551 2734 595 2779 tot
608 2716 734 2799 spestata
745 2717 855 2777 iabores
867 2757 883 2790 ,r

102 2816 138 2881 35
162 2800 229 2864 Nec¹
240 2803 313 2860 mala
329 2799 509 2875 mollierun13
526 2796 573 2858 sed
585 2798 760 2867 inexorabile
773 2798 862 2858 durus

162 2880 282 2940 Exerces
298 2881 396 2940 odium
411 2904 417 2939 :
432 2901 483 2942 uec
495 2880 595 2962 iniqul
606 2877 668 2938 finis
683 2881 712 2936 irr
723 2878 764 2936 ira
777 2879 825 2937 est.

162 2961 315 3022 Derracres
329 2963 417 3020 etiam
429 2959 540 3034 laudes,
557 2958 709 3042 fidamque
722 2955 845 3018 Medusae
1028 3009 1029 3036 2

161 3037 296 3122 Arguilse
310 3033 365 3099 else
378 3061 487 3102 necem.
505 3039 645 3100 Dabimus
657 3039 709 3098 tibi
723 3041 846 3122 pignora
861 3041 940 3120 veri,
972 3087 973 3092 κ
1028 3099 1029 3120 1

160 3119 273 3182 Parcite
287 3119 458 3194 luminibus,
474 3118 589 3181 Perseus
605 3122 660 3198 ait3
678 3141 785 3202 oraque
798 3121 877 3206 regis
1028 3127 1029 3136 ’

100 3213 144 3281 ξφ
163 3200 226 3266 Ore
238 3195 375 3266 llicduseo
388 3198 496 3266 filicem
505 3199 714 3286 fine'sanguine'
723 3197 807 3264 lecit.
