2062 3860
135 155 175 218 tt
245 106 877 240 urrunnun-nosos

305 333 427 393 Battus
447 333 479 390 in
500 329 633 410 lapidem
656 291 811 392 neuturus.
847 406 852 410 q
983 353 986 360 ¹

135 465 488 642 Fenqrmpemque
516 514 596 563 tuarn
616 501 714 564 frustri
739 501 913 586 Philyreius
940 506 1009 590 (ι)

256 605 317 642 eros
363 607 368 626 ·

134 663 294 744 Delphice,
310 629 460 744 poscebat:
473 683 538 722 nam
550 683 602 723 nec
616 659 769 730 rescindere
785 667 886 748 magui

132 741 211 808 Juss'a
230 743 311 808 Jovis
320 759 437 825 poteras
449 766 456 801 ι
467 765 529 817 nec,
550 743 570 800 fi
584 741 737 804 rescindere
751 739 865 823 posses,

131 823 215 882 Tune
229 823 340 883 aderas:
355 823 451 894 Elim,
465 819 660 906 Messeniaque
674 843 742 882 arta
754 822 881 888 colebas.
915 881 920 890 ,

93 921 108 979 ς
133 902 209 962 Illud
221 918 425 984 eratstempus,
441 923 500 986 quo
516 916 545 963 te
556 903 677 983 pastoria
688 901 781 982 pellis

131 983 236 1056 Texit,
255 981 330 1044 onus
347 1005 380 1043 ue
393 982 448 1042 suit
460 985 590 1042 baculum
602 980 722 1043 filvestre
737 981 869 1062 sinistrae5

131 1063 278 1139 Alterius,
295 1005 412 1144 dispari
426 1059 533 1142 septem
548 1061 637 1143 fistula
648 1061 752 1122 cannis.
790 1131 795 1140 ¹

91 1168 99 1176 ·
132 1143 272 1226 Dumque
284 1164 364 1202 amor
376 1143 414 1202 est
425 1163 514 1211 curae,
528 1139 594 1200 dunt
609 1144 638 1201 t'e
649 1156 698 1202 tua
708 1139 798 1200 fistula
809 1141 946 1216 mulcet,

132 1223 308 1283 Incustoditae
319 1222 420 1305 Pylios
432 1236 626 1282 memorantur
635 1226 666 1280 in
678 1243 764 1305 agros

73 1319 109 1363 ιο
126 1298 288 1364 Proceffiise
301 1303 388 1364 boves
398 1325 404 1359 ε
415 1299 493 1362 videt
504 1300 553 1360 has
566 1300 808 1362 Atlantideuua'is

131 1383 244 1453 Natus,
259 1391 286 1443 δι
296 1399 355 1444 arte
368 1381 415 1442 sui
425 1381 500 1443 silvis
514 1380 641 1441 occultat
652 1381 775 1441 abactas.

130 1463 261 1526 Senserat
272 1464 328 1524 hoc
344 1461 450 1523 furtum
463 1483 565 1536 nemo,
579 1459 629 1520 nisr
640 1475 720 1534 natus
731 1462 761 1520 in
775 1458 832 1520 illo

130 1544 207 1606 Rure
218 1543 299 1604 senex
311 1545 441 1603 :Battum
454 1543 561 1600 vicinia
572 1555 635 1602 tota
647 1541 776 1602 vocabat.

131 1623 243 1684 Divitis
257 1622 417 1694 hicialtus,
432 1617 606 1702 herbosaque
622 1617 724 1702 pascua
735 1621 822 1680 Nelei
838 1619 901 1701 (a),

72 1717 108 1774 15
130 1703 341 1783 Nobiliumque
355 1721 457 1785 greges
473 1701 563 1760 custos
575 1698 700 1761 servabat
709 1709 858 1784 equarum.

131 1781 217 1841 Hunc
227 1783 339 1857 timuit,
351 1773 507 1862 biandique
520 1801 605 1838 manu
618 1779 740 1855 seduxit,
758 1781 857 1852 milli,

130 1860 270 1945 Quisquis
283 1883 329 1932 es,
343 1863 463 1942 hospes,
475 1862 535 1932 ait,
550 1858 569 1917 s1
582 1861 657 1921 sorte
669 1875 795 1920 armenta
808 1863 935 1944 requiret

127 1941 199 2002 Haec
210 1943 330 2024 aliquis,
345 1935 443 2002 vidisse
456 1960 545 2077 nepa:
557 1961 612 1999 neu
628 1945 719 2023 gratia
730 1941 805 2000 sasio

119 2020 220 2080 :Nulla
231 2022 411 2100 rependatur,
425 2022 478 2083 niti
498 2035 625 2101 am‘cape
638 2021 754 2100 prae-mia
764 2041 888 2082 vaccam.

70 2123 107 2160 ιο
125 2101 167 2161 'Et
178 2099 254 2160 dedit
266 2121 273 2156 ε
283 2101 416 2179 accepti,
430 2120 515 2161 voces
526 2099 575 2159 has
587 2099 707 2160 reddidit
717 2097 837 2180 hospes:

129 2181 225 2240 Tutus
238 2201 283 2239 eas
294 2203 300 2236 :
312 2181 385 2260 lapis
396 2181 446 2239 iste
459 2179 538 2260 priuis
554 2191 603 2240 tua
614 2178 687 2239 furta
698 2178 850 2262 loquetur:

128 2257 167 2321 Et
180 2259 309 2340 lapidem
324 2259 454 2323 ostendit.
471 2259 597 2319 Simulat
606 2259 680 2322 Jove
692 2275 772 2319 natus
783 2261 877 2320 abire:

127 2341 198 2400 Mox
214 2341 301 2412 redit,
315 2349 343 2400 &
353 2337 434 2401 versi
444 2341 549 2420 pariter
562 2360 627 2400 cum
641 2360 712 2400 voce
725 2339 814 2424 figuti
822 2385 831 2414 ,

127 2421 258 2496 Rustice,
271 2421 365 2482 vidisti
378 2420 397 2477 sr
408 2441 478 2504 quas
490 2417 546 2480 hoc
554 2418 667 2491 limite,
679 2419 765 2493 dixit,

69 2520 104 2577 25
129 2503 173 2562 Ire
184 2503 287 2578 bouet,
299 2501 340 2562 ser
352 2523 458 2582 opem,
472 2500 605 2582 furtoque
619 2499 727 2558 silentia
740 2499 840 2558 deme:

127 2579 230 2644 Juneta
246 2581 296 2642 suo
311 2584 418 2663 pariter
432 2579 541 2639 dabitur
553 2579 606 2638 tibi
617 2577 726 2638 semina
740 2597 830 2639 tauro.

126 2664 169 2720 At
180 2659 288 2735 senior,
304 2663 455 2743 postquam
465 2660 503 2718 est
515 2679 619 2718 merces
632 2662 792 2740 geminata,
808 2657 865 2717 Sub
873 2657 934 2718 illis

125 2739 290 2877 Montihlqs,
315 2742 426 2822 iuquit,
448 2752 544 2814 erant3
568 2746 614 2810 &,
639 2739 725 2800 Erant
750 2737 799 2798 sub
821 2739 968 2800 montibus
1022 2797 1023 2806 ,

224 2839 293 2879 ris.
442 2855 446 2864 ·
519 2857 520 2860 =
847 2854 851 2860 -

124 2897 197 2958 Risu
209 2897 399 2970 Atlantiades,
414 2907 456 2966 ὃς,
469 2897 519 2958 Me
531 2897 618 2973 mihi,
635 2897 756 2979 perfide,
768 2899 881 2982 prodis?
1022 2891 1023 2950 l

64 2994 103 3064 '30
126 2977 176 3038 Me
187 2977 259 3052 mihi
274 2979 389 3059 prodist
402 2981 458 3051 ait,
471 2981 639 3061 perjuraque
654 2981 770 3058 pestora
783 2981 870 3042 vertit
1022 2979 1023 3042 s

127 3059 160 3117 Iu
173 3056 272 3116 durum
285 3057 404 3130 filicem,
419 3062 469 3144 qui
483 3080 554 3120 nunc
567 3079 683 3141 quoque
696 3058 798 3119 dicitur
809 3059 890 3120 iudex
898 3083 910 3138 3
1022 3089 1023 3122 3

126 3140 214 3220 Inque
226 3137 300 3202 nihil
312 3141 418 3202 merito
429 3155 511 3204 vetus
524 3140 562 3202 est
573 3137 690 3201 infautia
700 3135 777 3202 saxo.
