2088 3864
60 103 75 185 η’
127 153 184 219 ¹86
273 151 820 220 METAMORPHOSES

89 249 101 260 ⁴
124 257 215 320 Fusca
228 272 382 343 repurgato
399 255 428 316 fu
453 257 548 318 iebant
564 257 659 318 nubila
674 259 761 320 coelo.

123 337 253 420 Impetus
265 341 306 398 ire
319 337 376 402 Μ
392 359 399 394 :
418 278 525 398 claudie
539 335 586 398 sua
600 341 675 399 tedia
685 339 846 420 Pyreneus,

123 419 253 504 Vimque
264 433 346 498 parat
361 441 368 475 :
386 437 471 501 quam
485 435 537 477 not
548 415 669 499 sumptis
684 417 840 502 effugimus
853 417 914 499 alis.

64 521 102 574 40
124 498 208 582 Ipse,
225 497 355 560 secuturo
369 495 484 572 similis,
497 499 573 559 stetit
585 498 686 559 arduus
703 520 766 560 arce
780 521 787 556 ι

123 579 306 662 Qudque'via
320 580 359 637 est
372 578 467 651 vobis,
482 581 536 638 erit
549 586 576 638 &
592 578 679 652 mihi,
697 578 789 654 dixit,
804 577 920 640 eidem:

122 659 215 742 Seque
232 660 300 734 jacit
315 659 440 719 vecors&
456 656 567 716 summo
579 659 706 719 culmine
720 661 821 735 turris,

121 737 158 798 Et
172 737 246 798 cadit
256 741 288 798 in
298 741 394 798 vultus
407 736 602 822 ,discussisque
617 737 719 798 oshbus
733 741 805 811 oris,

122 817 230 879 Tundit
239 815 359 880 humum
369 820 509 905 moriens,
521 815 657 880 scelerato
668 817 804 904 sanguine
815 820 946 878 tinctam.

119 993 184 1057 IX.
201 995 438 1076 CertantMusae
455 993 490 1054 de
508 1014 603 1055 cantu
624 1015 690 1055 cum
711 996 801 1056 Pieri
811 993 967 1075 filiabus.

157 1076 220 1136 Dii
228 1079 337 1136 varios
347 1075 509 1155 informas
517 1075 663 1157 converfi,
677 1077 752 1136 bello
763 1070 932 1159 Giguneio.

659 1229 662 1236 ¹
883 1231 889 1254 l

120 1223 262 1326 Musti
280 1263 467 1350 loquebatur,
485 1287 585 1346 pennae
595 1265 712 1326 sonuere
725 1288 777 1348 per
789 1290 890 1348 aurae,

123 1342 247 1441 Voxque
261 1343 432 1408 salutantum
445 1349 530 1406 ramis
544 1345 674 1407 veniebat
685 1347 719 1405 ab
730 1348 807 1409 altis.

123 1423 267 1508 Suspicit,
286 1435 313 1488 δι
323 1427 429 1510 lingue
445 1427 545 1510 quaerit
555 1442 614 1487 tarn
627 1440 702 1486 certa
717 1425 868 1510 loquentes

123 1505 209 1566 Unde
222 1504 334 1584 sonent5
350 1507 556 1588 hominemque
565 1519 649 1587 putat
657 1505 731 1569 Jove
740 1523 805 1568 nata
813 1511 969 1570 locutum:

86 1603 99 1662 5
124 1585 193 1646 Ales
206 1601 282 1665 etat3
297 1607 472 1684 numeroque
486 1605 590 1646 novem
599 1631 607 1662 ,
622 1583 669 1644 sua
682 1585 740 1646 fata
752 1605 925 1670 querentes,

123 1667 281 1726 institerant
297 1683 400 1738 ramis,
421 1680 568 1726 imitantes
581 1667 696 1737 omnia,
711 1665 794 1729 Picae.

122 1745 240 1806 Miranti
255 1746 290 1806 fic
302 1744 364 1808 orsa
377 1745 455 1808 Dea*
461 1745 791 1830 Deazutuperuistae-
874 1789 880 1796 „
932 1753 934 1760 '

122 1825 273 1889 Auxerunt
287 1826 453 1901 volucrum,
470 1829 550 1890 vidire
563 1826 737 1899 certamine,
755 1827 877 1888 turbam.

123 1905 222 1966 Pierus
235 1906 283 1966 has
298 1910 398 1990 genuit
410 1905 522 1968 Pellaeis
534 1907 576 1986 (r)
589 1905 707 1966 diresin
720 1909 811 1984 arvit;

67 2009 104 2051 ιο
124 1984 234 2066 Paeonis
247 1987 361 2068 Euippe
375 1985 535 2045 materfuit
550 2007 556 2043 :
572 1983 624 2044 illa
638 1998 790 2066 potentem

123 2064 264 2124 Lucinam
275 2066 392 2137 novies,
407 2066 504 2124 novies
518 2067 664 2146 paritura,
678 2067 805 2126 vocavit.

39 2215 44 2222 x
123 2146 263 2206 Intumuit
276 2166 394 2204 numero
408 2143 570 2205 stolidarum
581 2145 661 2206 turba
672 2143 817 2219 sororum,

124 2223 235 2309 Perque
252 2239 298 2286 tot
308 2223 475 2300 AEmonias,
488 2235 514 2286 &
528 2248 578 2307 per
591 2239 637 2286 tot
651 2225 792 2286 Achaidas
803 2223 885 2286 urbes

49 2327 55 2340 ·
125 2305 194 2366 Huc
207 2308 407 2377 venit,&tali
420 2309 578 2366 committit
613 2305 795 2368 raeliavocee'
884 2362 890 2375 ,
971 2365 973 2372 ,

69 2403 103 2461 15
128 2386 254 2448 Desinite
266 2385 411 2448 indusium
421 2389 492 2448 vani
504 2328 653 2446 dulcedine
666 2385 770 2470 vulgus¹

125 2467 255 2530 Fallere:
277 2464 440 2541 nobiscum,
459 2465 477 2525 sr
490 2489 548 2552 qua
562 2467 601 2526 est
613 2463 714 2526 fiducia
727 2466 830 2538 vobis,

126 2547 303 2630 Thespiades
316 2562 423 2608 certate
437 2547 526 2624 Deae3
541 2567 592 2608 nec
607 2567 693 2618 voce,
709 2568 760 2606 nec
773 2561 833 2604 arte

126 2625 286 2688 Vincenrur
296 2676 303 2702 ‚
313 2627 498 2710 totidemque
512 2625 623 2686 sumus:
639 2624 685 2684 vel
697 2626 789 2686 cedite
805 2625 892 2684 vitice

127 2704 221 2766 Fonte
236 2705 372 2767 Meduseo
384 2707 443 2785 (2),
454 2716 480 2765 δι
493 2706 647 2787 Hyanthed
658 2705 813 2787 Aganippe
826 2705 887 2784 (3);
973 2781 975 2786 ι

67 2807 105 2846 20
126 2781 184 2844 Vel
200 2806 250 2844 nos
265 2787 404 2848 Emathiis
418 2788 474 2860 (4),
491 2787 526 2846 ad
541 2787 656 2846 Paeouas
671 2785 757 2868 usque
770 2782 911 2861 nivosos,

128 2861 268 2924 Cedemus
283 2869 408 2948 campis:
427 2865 558 2926 dirimant
572 2867 728 2926 certamina
742 2864 890 2946 nymphae:

126 2943 227 3024 Turpe
241 2947 356 3026 quidem
369 2947 536 3008 contendere
549 2961 607 3006 erat
623 2969 630 3003 τ
644 2944 691 3006 sed
703 2945 801 3006 cedere
815 2941 908 3004 visum

126 3023 267 3103 Turpius.
280 3026 385 3086 Eleuae
396 3031 489 3104 jurant
502 3048 552 3107 per
564 3027 679 3084 flumina
693 3025 825 3106 nympha:
833 3068 844 3099 ,

128 3103 272 3187 Fassaque
286 3102 319 3164 de
332 3108 399 3168 vivo
415 3104 536 3188 pressere
548 3105 646 3166 sedilia
659 3104 735 3167 saxo.

144 3251 176 3298 [r]
191 3250 251 3290 ville
267 3250 294 3290 de
307 3249 442 3292 Macedone
538 3249 543 3254 '

141 3301 175 3348 [e]
186 3299 254 3356 Fonte
263 3299 381 3351 Medum,
394 3311 458 3350 parce
470 3313 512 3354 que
521 3301 612 3360 Pe'gese,
630 3303 667 3356 qui
683 3303 702 3346 lt
716 3300 826 3355 srtjaillin
841 3299 897 3346 e'tuir
906 3301 931 3346 ul
939 3301 966 3344 d!

117 3347 169 3400 sang
182 3349 208 3387 de
221 3345 318 3389 Meduse.
