2062 3860
149 197 204 240 ιω
267 134 886 248 ntrnuoruuosas

259 351 302 412 V.
320 349 453 432 steloeon
471 351 490 412 ἀ
501 352 574 432 suis
588 355 719 416 canibus
732 355 898 422 laceratur.
1015 418 1016 455 ,

147 479 223 609 Qu
234 541 272 582 tu
290 519 393 584 saciat?
409 536 556 603 repetatne
568 524 702 598 dornunr,
719 525 972 608 &regaliatesiat
1015 533 1016 542 ’

142 603 190 662 An
203 602 292 662 lateat
303 601 393 664 silvis?
406 606 494 663 timor
504 604 577 681 hoc,
592 605 683 686 pudor
698 609 822 686 impedit
837 601 952 684 illud'g:‘f
1015 593 1016 620 ³

146 679 226 739 Dum
240 683 371 760 dubitat,
384 685 478 744 videre
491 705 587 760 canes,
600 684 766 768 primusque
780 685 968 770 Melampus,
1016 670 1017 762 J

144 759 316 822 Ichnobates
332 787 365 824 ue
376 761 473 848 sagax,
489 764 593 825 latratu
605 763 681 825 liona
693 766 826 826 dederunt
838 789 847 844 3
916 771 922 779 ’

107 857 122 915 5
146 839 280 904 Gnoffrus
294 785 477 920 ldrnobates,
491 819 730 930 spartant⁰genre
741 846 918 929 Melampus.

146 922 212 981 lnde
226 939 309 984 ruunt
324 925 376 986 aliiv
388 923 485 1006 rapida
501 924 627 985 velocids
641 927 726 997 auri,
1017 924 1018 992 l

144 1001 345 1089 Pamphagus,
366 1013 392 1064 &
404 1005 549 1082 Dorceus,
563 1014 590 1066 δι
607 1002 760 1076 Oribasus,
779 1003 901 1067 Arcades
918 1030 989 1068 orn-

286 1106 349 1144 nes·

129 1128 413 1304 (Nebrophlono'sque
439 1168 557 1240 valens,
592 1172 618 1225 &
642 1177 731 1244 trux,
754 1187 820 1227 curn
843 1165 986 1249 Laelape,
1018 1176 1019 1201 ¹

303 1247 408 1320 heron;

144 1321 183 1390 Et
192 1325 311 1404 'pedibus
324 1319 467 1402 Pterelas,
480 1335 507 1386 &
522 1324 632 1385 naribus
645 1325 724 1386 utilis
738 1325 836 1410 Agre,

68 1419 127 1464 .10
149 1401 325 1491 Hylaeusque
337 1407 398 1468 fero
409 1429 499 1488 nuper
509 1401 651 1487 percussus
665 1405 726 1465 aha
749 1427 806 1477 ro„
1019 1429 1020 1476 q

142 1483 247 1568 Deque
261 1488 332 1568 lupo
347 1501 485 1568 concepta
499 1487 602 1568 Nape,
636 1429 790 1568 ecudeddque
806 1482 904 1546 secuta
1019 1503 1020 1508 ’

49 1621 55 1633 ,
143 1563 297 1637 Paemenis,
314 1576 341 1627 &
357 1570 430 1626 natis
444 1568 584 1626 comitata
596 1509 715 1648 ldarpya
727 1566 853 1642 duobus,

142 1647 180 1704 Et
196 1643 337 1706 substricta
352 1668 454 1730 gerens
466 1647 635 1727 Srycionius
648 1647 699 1705 ilia
713 1645 829 1719 Ladon,
1020 1701 1021 1714 ,

143 1723 182 1784 Et
195 1725 332 1802 Dromas,
352 1734 379 1786 &
392 1727 520 1800 Canace,
539 1728 628 1786 suere
653 1733 724 1785 ue&
736 1725 835 1820 Tigris
849 1732 876 1784 δι
893 1724 984 1788 Alce:

85 1818 117 1875 ις
142 1803 180 1864 Et
197 1807 287 1867 niveis
302 1809 436 1878 Leucon,
456 1807 577 1868 &villis
595 1747 719 1872 Asholus
735 1820 822 1875 atus,

141 1884 368 1970 Praevalidusque
385 1889 497 1962 Lacon,
512 1896 539 1946 &
554 1883 633 1947 cursu
646 1885 729 1945 fortis
741 1884 849 1960 A'e'llo,
1021 1934 1022 1982 q

141 1965 179 2026 Et
194 1966 314 2038 Thous,
332 1975 358 2025 δι
372 1968 483 2049 Cyprio
495 1967 580 2028 velox
592 1987 656 2027 cunr
670 1965 756 2025 fratre
770 1963 908 2046 Lycisca,
1021 1993 1022 2012 ÷

139 2043 178 2105 Et
192 2047 302 2130 nigram
317 2046 413 2105 medio
428 2047 553 2106 frontem
567 2047 711 2106 distindius
726 2046 759 2104 ab
772 2046 836 2104 albo
966 2047 976 2060 ‘

142 2126 304 2207 Harpalos,
321 2135 347 2185 δι
362 2126 526 2199 Melaneus,
541 2125 706 2210 hirsutaque
716 2147 843 2206 corpore
850 2125 982 2188 Lachne:

82 2229 119 2268 20
141 2207 179 2267 Et
194 2221 275 2287 patre
289 2207 421 2281 Dittaeo,
436 2207 481 2268 sed
494 2223 583 2268 matre
598 2207 744 2267 Laconide
761 2210 837 2278 nati,

134 2287 268 2361 Labros,
287 2296 314 2347 8(
328 2289 490 2372 Agriodus,
505 2296 532 2347 8(
545 2302 632 2347 acute
645 2289 725 2346 vocis
739 2261 926 2379 Hyladiorq)

76 2387 80 2396 “
142 2366 283 2453 Quosque
299 2367 401 2428 referre
416 2391 495 2430 rnora
506 2371 554 2430 est.
570 2367 612 2430 Ea
626 2367 707 2426 turba
721 2368 853 2448 cupidine
868 2366 965 2447 prada
974 2410 982 2438 ,

111 2461 115 2470 “
139 2449 194 2509 Per
209 2472 308 2533 rupes,
325 2447 533 2534 scopulosque,
556 2448 692 2530 adituque
709 2449 833 2505 carentia
845 2445 927 2517 sara,

142 2529 206 2608 Qua
230 2554 263 2590 ue
277 2533 315 2592 est
324 2530 464 2604 difficilis,
478 2527 590 2614 quelque
602 2530 696 2588 estvia
709 2525 802 2599 nulla,
814 2525 978 2608 sequuntur,

79 2625 116 2684 25
140 2609 195 2668 llle
209 2553 305 2693 sugit,
323 2609 374 2692 per
388 2631 450 2693 quae
466 2609 558 2670 fuerat
569 2608 634 2668 lora
647 2607 717 2688 saepe
730 2605 859 2686 secutus:

142 2689 210 2748 Heu
225 2689 346 2748 famulos
360 2690 436 2774 fugit
452 2686 512 2770 ipse
527 2686 610 2768 suqs!
630 2687 763 2748 Clamare
776 2685 908 2760 libebat,

139 2769 259 2830 Adiaeon
272 2791 329 2853 ego
341 2768 420 2842 sum,
440 2771 589 2828 dominum
603 2770 769 2854 cognoscite
786 2767 920 2828 uestrum.

140 2849 236 2924 Verba
251 2853 347 2909 animo
363 2849 479 2912 desunt:
495 2846 606 2910 resonat
617 2849 764 2910 latratibus
778 2847 880 2907 aether:

118 2953 122 2964 ·
141 2929 237 2988 Prima
249 2930 449 2994 Melanchaetes
462 2933 491 2990 in
506 2945 589 3016 tergo
604 2929 721 2992 vulnera
733 2929 818 2988 fecit:

80 3031 117 3090 30
139 3010 274 3069 Proxima
287 3011 473 3074 Theridamas
487 3036 493 3070 :
514 3010 718 3092 Oresitrophus
732 3007 808 3070 haesrt
822 3009 851 3066 in
863 3027 958 3066 anno:

139 3089 261 3150 Tardids
274 3094 414 3166 exlerant,
435 3092 479 3152 sed
494 3115 543 3174 per
554 3090 723 3172 compendia
736 3089 842 3152 montis
890 3109 894 3120 ·

139 3169 323 3250 Praecipitate
336 3173 381 3229 via
393 3174 441 3234 est.
459 3175 620 3232 Dominum
633 3171 819 3236 retinentibus
831 3165 890 3226 illls

15 3311 16 3316 ἵ
141 3248 252 3308 Caetera
266 3250 344 3308 turba
357 3253 434 3319 coit,
451 3251 619 3333 confertque
629 3254 659 3308 in
671 3270 792 3330 corpore
805 3249 912 3306 dentes.

139 3323 204 3422 Janr
216 3331 281 3390 loca
294 3328 453 3391 vulneribus
466 3327 563 3390 desunt
578 3353 584 3386 :
596 3333 688 3414 gemit
701 3329 752 3390 ille
760 3374 768 3402 ,
786 3326 943 3412 sonumque

574 3470 584 3512 Ι
