2088 3864
43 279 48 294 ·
165 263 221 328 „a
302 199 920 320 narnuonnuosas''
1002 339 1010 348 ⁴

156 357 252 422 Crura
268 359 360 442 gerit3
384 355 471 418 cauda
485 356 524 418 est
539 359 657 417 mutatis
669 358 764 419 addita
776 359 927 433 membris,

99 457 137 497 ao
160 439 246 522 inque
260 437 374 498 brevem
393 433 533 510 formam,
560 457 593 496 ne
607 433 640 498 fit
652 439 694 497 vis
707 457 812 521 magna
824 441 959 512 nocendi,

28 511 29 536 ³
153 515 361 584 contrabitur,
381 535 524 600 parvaque
537 517 631 576 mino:
647 514 774 576 mensura
788 516 894 580 laeena
906 521 956 580 est.

156 599 329 669 Mirantem,
342 597 533 678 dentemque,
546 603 573 656 δι
582 609 698 680 tangere
707 597 829 658 monstra
838 612 1001 680 paventem

154 675 245 759 Fugit
258 696 352 744 anum,
362 673 496 734 latebram
521 695 556 732 ne
568 677 655 757 petit,
668 673 826 762 aptumque
839 680 933 738 colori
953 679 1002 760 (r)

155 755 274 817 Nomen
286 754 387 829 habet,
404 755 489 820 variis
499 695 627 818 leuatus
639 773 763 836 corpora
775 759 878 840 guttis.
899 822 901 824 ,

153 926 256 991 alit.
274 928 363 990 Ceres
379 923 534 1008 cognoscit
553 945 592 985 ex
614 924 771 994 Arethusa
782 923 893 1004 filium
905 927 1006 1011 sacam

375 1007 405 1068 'd
416 1004 553 1070 Plutone
564 1023 688 1090 raptam
701 1004 765 1091 ste.

156 1127 289 1258 Quas
304 1177 370 1238 Dea
385 1197 437 1259 per
453 1190 558 1250 terras,
573 1183 600 1236 δι
612 1197 682 1261 quas
694 1179 831 1240 erraverit
844 1180 952 1262 undas,

156 1255 265 1320 Dicere
278 1256 367 1342 longa
382 1277 463 1318 mora
476 1259 515 1317 est
533 1280 540 1315 ε
553 1259 691 1340 quaerenti
704 1257 796 1318 defuit
809 1259 903 1331 orbis,

156 1336 297 1401 Sicaniam
310 1338 435 1420 repetit:
452 1337 577 1422 dumque
592 1339 689 1396 omnia
701 1338 800 1398 lustrat
811 1339 923 1414 eundo,

157 1417 250 1480 Venit
263 1417 335 1478 &ad
349 1418 374 1478 C
398 1437 484 1496 anen;
504 1439 553 1491 ea,
575 1419 604 1475 ni
621 1430 733 1477 mutata
748 1413 861 1491 fuiffet,

120 1517 134 1574 5
158 1497 269 1560 Omnia
284 1438 432 1566 narraillt:
446 1497 492 1558 sed
505 1505 531 1556 &
544 1516 593 1568 os,
610 1503 637 1556 δι
649 1494 750 1581 lingua
764 1499 875 1560 volenti

156 1579 274 1650 Dicere,
283 1599 339 1637 non
347 1577 480 1652 aderant,
492 1595 610 1658 necque
620 1575 805 1660 loqueretur,
818 1577 952 1644 habebat.

157 1659 354 1738 Signa-tamen
367 1655 513 1720 manifesta
527 1654 623 1727 dedit,
644 1669 801 1738 notamque
814 1661 951 1739 parenti,

154 1737 211 1797 lllo
225 1735 298 1796 forte
311 1737 377 1798 loeo
389 1733 536 1820 delapsam
553 1735 583 1794 in
597 1737 714 1834 gurgite
731 1735 829 1808 sacro,
920 1735 924 1742 ’

159 1814 354 1898 Persephones
368 1837 470 1880 zonam
478 1855 489 1888 ,
503 1813 628 1878 Tutunus
639 1814 760 1878 ostendit
771 1816 802 1874 in
820 1817 924 1879 undis.·

100 1920 139 1960 co
161 1897 260 1976 Quam
272 1894 353 1958 fimul
364 1898 502 1982 agnovit,
524 1909 572 1954 tan
597 1915 661 1956 uam
674 1907 735 1955 turn
750 1893 873 1980 deniqne
884 1910 1003 1981 raptam

160 1969 278 2050 Sciilet,
293 1979 440 2036 inornatos
450 1975 571 2036 laniavit
615 1977 662 2034 iva
674 1971 816 2057 capillos,

132 2129 134 2134 ι
159 2055 197 2116 Et
211 2057 337 2150 repetita
347 2050 404 2114 suis
445 2054 554 2117 ercuffit
566 2055 684 2136 peilam
691 2053 811 2152 palmis.

9 2203 11 2212 s
159 2131 358 2198 Nescrtadhuc
367 2133 414 2194 ubi
423 2074 573 2215 lt3terras
585 2147 681 2198 tamen
692 2147 820 2216 increpat
829 2153 932 2196 omnes
936 2175 952 2210 ,

159 2211 345 2299 ingratasque
356 2207 459 2284 vocati
474 2236 526 2275 nec
539 2211 654 2298 frugum
668 2235 784 2274 munere
796 2213 915 2298 dignas:
1029 2285 1030 2290 η

103 2311 138 2372 ις
161 2297 341 2364 Trinacriam
349 2309 415 2357 ante
425 2292 512 2369 alias,
529 2294 558 2355 in
570 2315 628 2378 qua
640 2295 759 2380 vestigia
771 2293 867 2360 damni
1029 2295 1030 2299 ’

162 2378 314 2461 Repperit.
328 2375 407 2461 Ergo
420 2373 483 2437 illic
499 2371 569 2436 saevi
583 2375 724 2437 vertentia
736 2372 835 2459 glebas

160 2459 263 2542 Fregit
276 2471 367 2518 aratra
382 2471 481 2533 manu,
498 2453 583 2537 parili
607 2474 642 2512 ue
654 2455 727 2514 irata
738 2452 859 2514 colonos

66 2545 70 2551 “
158 2535 364 2622 Rurieolasque
377 2536 465 2597 boves
478 2533 540 2595 leto
554 2474 649 2606 dedit,
667 2537 791 2616 arvaque
803 2531 879 2609 jutsu

160 2617 274 2681 Fallere
288 2615 462 2702 depolitum,
485 2615 644 2698 vitiataque
658 2609 764 2672 semina
777 2612 858 2674 fecit.
1024 2637 1025 2671 t

102 2718 140 2756 20
160 2687 308 2762 Fertilitas
322 2705 400 2776 terra
418 2693 644 2780 latum-vulgata
656 2715 707 2775 per
719 2692 836 2765 orbem,
954 2705 958 2714 “
1022 2703 1024 2766 i

160 2774 360 2856 Sparsajaeeu
376 2775 476 2857 primis
487 2771 597 2872 sepcies
614 2775 774 2836 moriuntur
784 2775 815 2834 in
826 2771 939 2850 herbis,
1022 2777 1023 2819 l

159 2853 199 2916 Et
217 2856 303 2916 modb
316 2849 483 2925 soluimus,
499 2855 604 2915 nimius
616 2852 703 2920 modd
715 2854 837 2934 corripit
849 2855 954 2930 imber,
1019 2873 1020 2876 ’

154 2931 309 3020 Sideraque
322 2937 459 3021 ventique
468 2947 589 3008 nocent,
601 2935 747 3016 avidaeque
759 2931 890 2994 volucres

160 3011 277 3078 Semina
292 3007 365 3092 jadta
381 3015 480 3102 legunt
498 3037 505 3073 :
523 3012 648 3086 lolium,
672 3013 828 3097 tribulique
844 3011 971 3100 fatigant
1009 3039 1013 3053 ·

76 3115 80 3120 ’
101 3113 135 3170 25
157 3093 300 3156 Tritieeas
314 3117 434 3168 messes,
454 3103 481 3156 δι
493 3091 713 3178 inexpugnabile
726 3111 856 3178 granea.

159 3174 239 3235 Tum
254 3187 341 3253 caput
359 3175 439 3234 Eleis
454 3174 594 3256 Alpheias
605 3172 710 3244 extulit
725 3172 820 3246 undis,
1009 3244 1012 3255 Ι

158 3251 355 3334 Rorantesqne
370 3255 494 3313 comari
509 3251 603 3314 fronte
614 3255 741 3314 removit
752 3253 786 3312 ad
799 3273 899 3332 aures,

154 3332 255 3413 Atque
268 3331 310 3390 ait
323 3354 331 3390 r
347 3329 396 3402 0,
412 3344 479 3426 tqto
492 3331 612 3426 quaesrtae
625 3335 746 3480 virpinis
760 3332 844 3406 orbe,

158 3409 196 3490 Et
215 3409 331 3500 frugum
342 3410 480 3516 penitux,
500 3409 652 3478 immensos
686 3411 865 3494 steltbo'resq
